3125 5209
1319 335 1409 419 ³³1³.

145 489 220 548 ut
271 485 376 547 vix
421 483 525 561 sit,
569 483 678 565 qui
727 481 1002 557 dubitet,
1050 483 1206 564 quin
1254 503 1483 547 omnes
1531 503 1610 546 ex
1680 485 1911 547 eodem
1982 485 2343 567 archetypo
2406 486 2613 550 fluxe-

145 596 298 658 rint.
413 593 639 675 Neque
729 591 1210 672 discrepantiae
1324 593 1485 656 tales
1586 597 1771 669 sunt,
1858 612 2028 673 quae
2098 593 2249 658 huic
2321 595 2613 678 opinioni

145 706 435 769 obstent.

324 813 792 891 Quaerendum
836 815 1054 875 autem
1103 815 1223 888 est,
1268 815 1490 875 utrum
1537 812 1672 876 duo
1721 812 1979 876 codices
2046 814 2254 876 artius
2318 813 2487 876 inter
2531 832 2621 890 se,

145 944 357 1005 quam
433 942 580 986 cum
650 922 839 985 tertio
915 920 1334 997 cohaereant,
1412 940 1640 985 necne.
1728 921 1943 985 Ritter
2013 922 2381 1002 exemplum
2459 922 2625 985 inter

145 1033 258 1095 BC.
309 1037 371 1095 et
425 1031 852 1113 archetypum
927 1029 1325 1093 intercedere
1395 1033 1587 1112 putat
1620 1031 1687 1112 ¹),
1760 1030 1828 1093 id
1894 1031 2076 1111 quod
2144 1030 2468 1094 Casimiro
2541 1029 2623 1092 de

147 1141 505 1205 Morawski
572 1160 703 1204 non
766 1140 1108 1222 probatur,
1184 1138 1484 1219 opinanti
1576 1139 1817 1203 artiore
1885 1140 2297 1219 cognationis
2360 1140 2623 1203 vinculo

147 1251 414 1314 codices
462 1249 518 1312 A
567 1253 632 1311 et.
677 1248 726 1311 C
774 1248 1160 1311 coniunctos
1227 1267 1374 1311 esse
1408 1247 1480 1329 ²).
1572 1247 1983 1328 Argumenta
2044 1252 2286 1325 autem,
2364 1246 2625 1329 quibuiS,

146 1359 546 1423 sententiam
589 1378 780 1422 suam
828 1358 1264 1435 confirmaret,
1311 1360 1540 1421 neuter
1585 1376 1812 1421 eorum
1862 1358 2095 1421 attulit.

325 1468 413 1531 At
459 1469 512 1532 si
559 1468 714 1551 quid
764 1487 842 1531 ex
887 1486 1164 1531 numero
1212 1487 1440 1531 eorum
1483 1467 1803 1545 locorum,
1876 1466 2119 1548 quibus
2182 1466 2315 1530 duo
2364 1465 2623 1530 codices

149 1583 389 1644 contra
433 1577 699 1642 tertium
747 1577 1149 1658 conspirant,
1208 1575 1601 1640 concludere
1646 1576 1837 1640 nobis
1910 1575 2077 1654 licet,
2138 1576 2300 1640 liber
2351 1575 2401 1639 C
2448 1574 2623 1640 obti-

155 1693 277 1753 net
321 1689 539 1752 locum
589 1687 882 1751 medium
927 1686 1096 1750 inter
1136 1686 1196 1750 A
1262 1691 1324 1750 et
1387 1686 1458 1749 B.
1569 1686 1757 1768 Ipsae
1826 1692 2044 1751 autem
2118 1687 2245 1749 hae
2317 1685 2627 1749 lectiones

149 1799 218 1862 in
275 1798 649 1861 universum
696 1797 784 1859 ita
832 1800 1254 1877 comparatae
1299 1803 1471 1874 sunt,
1519 1801 1611 1874 ut,
1657 1801 1875 1859 utrum
1921 1796 1970 1860 C
2026 1795 2233 1860 artius
2278 1793 2626 1858 cohaereat

151 1927 311 1970 cum
356 1907 436 1980 A,
507 1926 594 1970 an
654 1905 929 1970 similior
999 1905 1084 1968 sit
1150 1905 1200 1968 B
1301 1924 1419 1987 pro
1495 1908 1674 1968 certo
1755 1903 2099 1969 diiudicari
2171 1923 2308 1968 non
2396 1902 2625 1984 possit.

151 2018 328 2080 Nam
375 2016 751 2099 ubicunque
791 2016 923 2079 duo
971 2014 1229 2078 codices
1295 2033 1515 2078 veram
1586 2014 1977 2096 scripturam
2052 2013 2378 2092 exhibent,
2453 2012 2623 2076 tertii

153 2127 481 2207 cuiusque
526 2126 674 2189 libri
720 2124 1128 2206 corruptelae
1176 2144 1308 2188 non
1358 2129 1511 2188 sunt
1558 2123 1904 2202 eiusmodi,
1958 2131 2027 2187 ut
2096 2123 2343 2187 librarii
2406 2143 2626 2186 errore

157 2241 351 2301 ortae
396 2255 541 2300 esse
583 2255 718 2299 non
775 2234 1050 2317 possint.
2290 2231 2297 2236 '

329 2345 460 2409 Sed
503 2344 724 2408 nescio
771 2363 855 2408 an
901 2362 999 2421 e0,
1049 2342 1229 2426 quod
1273 2363 1335 2424 p.
1387 2349 1526 2422 107,
1590 2349 1667 2405 14
1728 2343 1987 2408 codices
2059 2344 2111 2407 Β
2174 2348 2240 2406 et
2293 2343 2343 2408 C
2390 2343 2624 2408 eadem

151 2459 293 2520 fere
338 2455 872 2537 interpretatione
919 2453 1130 2517 aliena
1177 2453 1517 2534 depravati
1563 2457 1736 2529 sunt,
1800 2453 2029 2516 Ritteri
2095 2453 2421 2516 sententia
2466 2472 2626 2516 con·

153 2567 480 2630 firmetur.

331 2673 605 2738 Accedit
649 2673 831 2756 quod
878 2673 1138 2737 codices
1184 2673 1234 2736 B
1284 2677 1343 2736 et
1391 2672 1440 2736 C
1493 2672 1777 2737 eandem
1860 2671 2409 2737 declamationum
2475 2690 2627 2751 par·

152 2790 292 2848 tem
337 2783 694 2862 continent,
740 2787 940 2865 atque
984 2782 1151 2845 adeo
1198 2781 1434 2846 eodem
1478 2781 1805 2847 vocabulo
1852 2781 2173 2865 incipiunt
2204 2783 2275 2863 ⁸).

329 2894 517 2972 Quae
593 2912 764 2957 cum·
815 2893 907 2956 ita
975 2912 1046 2956 se
1117 2892 1428 2969 habeant,
1499 2897 1724 2956 tamen
1795 2911 1873 2955 ex
1965 2892 2195 2956 eodem
2294 2891 2634 2975 archetypi

156 3004 466 3086 exemplo
513 3002 876 3083 descriptos
923 3021 1038 3065 eos
1084 3021 1228 3066 esse
1272 3002 1669 3066 contendere
1728 3001 2122 3078 dubitarem,
2206 3001 2331 3064 nisi
2379 3001 2633 3082 gravis·

155 3116 405 3179 simum
451 3116 912 3194 argumentum
958 3111 1043 3176 ad
1095 3114 1262 3176 hanc
1306 3113 1753 3176 coniecturam
1797 3110 2209 3194 probandam
2277 3112 2632 3176 accederet.

159 3222 580 3307 Deprehendi
625 3223 799 3287 enim
845 3223 911 3286 in
956 3222 1082 3287 hac
1128 3242 1336 3306 parva
1381 3222 1934 3288 declamationum
1999 3225 2185 3303 parte
2233 3225 2383 3285 octo
2428 3222 2631 3298 locOS,

163 3337 280 3399 ubi
323 3335 391 3399 hi
438 3334 698 3398 codices
746 3333 978 3397 iisdem
1025 3332 1279 3396 lacunis
1341 3333 1665 3397 laborant.
1704 3411 1707 3416 Ι
1758 3331 2166 3396 Omittuntur
2210 3331 2275 3394 in
2322 3331 2399 3395 iis
2444 3351 2506 3413 p.
2530 3352 2630 3414 p.:

161 3453 268 3524 86,
317 3453 389 3508 11
439 3464 584 3508 esse
627 3481 712 3494 --
761 3449 861 3520 87,
909 3448 987 3506 25
1034 3443 1159 3506 nisi
1205 3479 1280 3487 —-
1332 3448 1430 3520 88,
1481 3450 1510 3503 1
1591 3441 1922 3524 Iniquiore
1978 3441 2364 3505 condicione
2429 3441 2635 3505 dictu⁴

164 3577 280 3620 rus
329 3575 474 3620 sum
524 3553 721 3619 hodie
744 3555 798 3635 4)
847 3591 920 3598 ——
974 3557 1071 3630 94,
1121 3560 1154 3615 7
1203 3553 1286 3616 sit
1315 3552 1367 3633 4)
1432 3587 1504 3598 -——
1589 3557 1725 3628 102,
1778 3555 1811 3612 7
1858 3551 1977 3614 erit
2060 3588 2127 3596 —
2203 3557 2342 3628 103,
2388 3557 2463 3614 16
2508 3549 2636 3615 hac

165 3777 218 3842 2,
255 3777 354 3832 26:
426 3777 509 3841 90,
545 3777 595 3841 4,
630 3773 735 3840 617,
774 3773 870 3837 13;
939 3773 1022 3836 90,
1063 3769 1149 3837 17;
1219 3771 1300 3834 91,
1337 3769 1434 3834 243
1505 3769 1589 3835 93,
1626 3769 1714 3832 24;
1785 3768 1867 3834 94,
1904 3768 1992 3832 15;
2060 3767 2143 3834 95,
2178 3771 2228 3833 6,
2268 3769 2360 3833 11;
2430 3768 2513 3834 96,
2547 3769 2638 3832 16;

163 3872 250 3934 97,
303 3871 400 3933 11;
471 3870 552 3933 98,
611 3871 663 3932 1;
737 3869 819 3928 99,
853 3868 902 3930 3,
945 3867 994 3930 9,
1045 3865 1222 3931 18β19ς
1297 3864 1408 3928 100,
1456 3866 1502 3926 2,
1556 3863 1634 3922 15.
1681 3863 1777 3926 29;
1852 3862 1966 3925 101,
2012 3863 2070 3926 9;
2144 3861 2256 3925 102,
2308 3863 2354 3928 1,
2390 3861 2449 3925 9;
2521 3860 2636 3925 102,

167 3965 248 4027 10,
291 3964 377 4026 12;
445 3962 553 4025 103,
593 3963 637 4026 1,
674 3962 755 4022 20,
790 3960 881 4024 24;
955 3959 1062 4012 105.
1102 3960 1150 4023 6,
1189 3957 1290 4021 7,ι”ὅ,
1331 3958 1500 4020 10111,
1543 3957 1629 4018 18;
1730 3957 1843 4020 106,
1880 3957 1936 4018 1;
2012 3953 2122 4019 107,
2158 3955 2216 4017 53
2291 3955 2405 4018 109,
2434 3954 2515 4018 14,
2542 3954 2635 4018 25;

167 4057 283 4119 110,
322 4057 409 4119 19;
449 4056 563 4110 111.
600 4055 690 4117 24;
730 4054 843 4118 112,
879 4053 958 4105 10.
997 4081 1044 4090 -
1095 4051 1189 4119 Pp.
1226 4050 1308 4113 94,
1346 4053 1393 4114 6,
1437 4050 1512 4113 18,
1552 4051 1644 4110 19;
1722 4049 1831 4110 108,
1871 4049 1950 4106 12,
1990 4046 2054 4100 14
2090 4047 2337 4101 codicum
2372 4047 2637 4102 lectiones

163 4145 470 4203 servandas
506 4164 625 4201 esse
658 4147 952 4201 contendo.

374 4241 413 4303 1)
452 4240 530 4294 Cf.
569 4240 622 4293 h.
661 4254 860 4292 comm.
895 4255 945 4306 p.
990 4239 1067 4289 16.

373 4335 415 4401 ²)
452 4331 529 4386 Cf.
570 4333 602 4385 l.
641 4333 674 4384 1.
711 4348 761 4400 p.
800 4329 946 4384 1100.

375 4427 415 4488 ³)
454 4425 530 4479 Cf.
569 4423 767 4478 Ritteri
805 4423 886 4476 ed.
924 4422 1092 4491 praef.
1128 4439 1178 4489 p.
1217 4417 1279 4473 X.

375 4520 416 4585 ⁴)
455 4518 534 4570 df.
571 4517 625 4569 h.
663 4531 860 4568 comm.
898 4531 948 4581 p.
991 4513 1065 4564 19.
