3125 5209
337 1411 488 1511 Sub
534 1447 804 1510 nomine
849 1447 932 1510 M.
971 1447 1159 1509 Fabii
1207 1447 1592 1524 Quintiliani
1629 1451 1888 1510 exstant
1918 1466 2121 1528 opera
2151 1447 2303 1522 du0‚
2338 1465 2617 1528 quorum

163 1557 453 1634 alterum,
503 1556 682 1638 quod
728 1555 1106 1620 inscribitur
1148 1558 1486 1638 ,institutio
1533 1557 1859 1633 ναίον-ἰαί,
1906 1535 2180 1638 εὼῖρεο
2213 1555 2615 1633 Quintiliano

163 1665 604 1746 compositum
649 1685 796 1728 esse
840 1684 1035 1728 nemo
1082 1668 1300 1744 negat,
1361 1666 1659 1743 alterum,
1740 1665 1920 1746 quod
1968 1665 2100 1728 duo
2174 1684 2453 1746 corpora
2502 1666 2617 1729 de-

157 1775 620 1838 clamationum
670 1775 980 1849 continet‚
1027 1794 1068 1837 a
1109 1774 1472 1838 clarissimo
1517 1774 1628 1837 illo
1675 1775 1932 1838 rhetore
1976 1795 2046 1838 re
2090 1794 2245 1837 vera
2288 1775 2608 1856 scriptum

163 1904 297 1947 non
341 1903 483 1946 esse
555 1883 752 1964 vulgo
827 1887 1112 1964 putatur.
1201 1882 1768 1947 Declamationum
1842 1903 1998 1947 vero
2070 1884 2275 1947 altero
2347 1903 2620 1967 corpore

155 1991 558 2072 undeviginti
637 1992 944 2066 maioreS‚
1019 2011 1184 2073 quas
1258 1996 1514 2068 vocant,
1590 1992 2103 2056 declamationes
2174 1992 2612 2056 continentur.

161 2101 446 2164 Alterius
493 2105 737 2178 autem,
786 2100 966 2183 quod
1013 2101 1170 2165 olim
1218 2100 1525 2165 trecentis
1572 2101 2159 2181 duodenonaginta
2233 2101 2617 2179 minoribuS,

153 2230 322 2292 quae
365 2210 691 2288 dicuntur,
737 2210 1332 2275 declamationibus
1379 2211 1821 2291 compositum
1869 2215 2028 2288 erat,
2100 2212 2249 2292 plus
2318 2231 2469 2292 pars
2516 2211 2616 2274 di-

155 2320 358 2384 midia
402 2319 618 2385 deleta
663 2324 782 2396 est,
829 2320 922 2383 ita
969 2324 1043 2383 ut
1096 2319 1487 2401 posterioris
1559 2321 1767 2400 partis
1841 2324 2103 2384 centum
2179 2319 2617 2402 quadraginta

152 2428 444 2511 quinque
489 2433 862 2511 temporum
909 2429 1173 2493 fortuna
1217 2429 1303 2493 ad
1348 2448 1472 2492 nos
1515 2429 1948 2510 pervenerint.
2061 2417 2241 2507 Quas
2314 2429 2427 2493 diu
2500 2449 2615 2493 ne-

153 2539 400 2618 glectas
429 2540 476 2620 ¹)
533 2539 1008 2602 Constantinus
1052 2538 1268 2602 Ritter
1322 2538 1405 2602 ab
1453 2538 1785 2602 oblivione
1857 2538 2234 2601 vindicavit.
2322 2538 2613 2602 Primum

149 2647 322 2711 enim
374 2667 414 2710 a
461 2668 592 2730 quo
640 2649 979 2711 confectae
1025 2648 1174 2726 sint,
1243 2647 1562 2728 indagare
1606 2647 1859 2711 studuit
1885 2649 1935 2726 2)
1997 2654 2132 2711 tum
2184 2647 2504 2722 codicum,
2551 2648 2615 2711 in

148 2757 392 2837 quibus
478 2760 765 2834 exstant,
865 2756 1254 2820 auctoritate
1345 2756 1875 2838 cognationeque
1944 2756 2300 2820 diiudicata
2374 2776 2613 2820 novam

149 2886 380 2929 earum
427 2865 782 2929 editionem
831 2865 1082 2929 curavit
1115 2866 1189 2948 ³).

322 2975 676 3038 Contendit
720 2978 941 3038 autem
989 2974 1202 3038 Ritter
1243 2974 1719 3038 adscribendas
1764 2994 1909 3038 esse
1953 2975 2075 3037 has
2104 2975 2615 3039 declamationes

147 3084 278 3164 ipsi
327 3083 769 3161 Quintilian03
816 3084 934 3147 sed
978 3087 1304 3164 repugnat
1348 3082 1658 3146 Albertus
1688 3083 2121 3166 Trabandt⁴)‚
2171 3083 2301 3165 qui,
2349 3088 2615 3164 postea-

143 3212 356 3274 quam
401 3196 789 3274 argumenta
835 3212 875 3256 a
919 3192 1175 3255 Rittero
1222 3192 1307 3255 ad
1353 3191 1560 3274 ipsius
1608 3193 1998 3255 sententiam
2047 3192 2461 3275 probandam
2508 3194 2609 3256 al-

143 3302 280 3365 lata
333 3302 570 3380 reiecit,
612 3321 722 3365 eas
768 3301 854 3365 ab
903 3302 1009 3365 illo
1056 3301 1317 3364 rhetore
1360 3301 1690 3364 confectas
1735 3321 1869 3364 non
1947 3320 2093 3364 esse
2163 3302 2616 3365 demonstrare
2690 3299 2695 3304 ’

146 3415 448 3475 conatur.
544 3410 779 3474 Veram
851 3430 1050 3491 porro
1128 3409 1430 3474 codicum
1515 3409 1838 3473 rationem
1917 3410 2505 3492 condicionemque
2572 3431 2612 3475 a

151 3520 414 3583 Rittero
455 3521 871 3602 exploratam
917 3538 1062 3582 esse
1108 3518 1467 3582 Casimirus
1515 3518 1598 3580 de
1643 3519 1991 3582 Mol-awski
2020 3521 2073 3601 ⁵)
2119 3523 2183 3582 et
2208 3518 2443 3582 Ritteri
2476 3519 2614 3582 edi-

367 3739 401 3805 ¹)
439 3738 720 3792 Editiones
755 3744 877 3807 post
912 3736 1222 3791 Parisinam
1259 3736 1571 3804 (1821-25‘,
1592 3741 1645 3788 et
1670 3735 2065 3790 Taurinensem
2105 3737 2432 3805 (1824-26),
2470 3754 2611 3805 quae

141 3850 214 3886 ex
255 3832 550 3885 collatione
587 3832 950 3885 vetustiorum
1000 3830 1346 3898 quarundam
1395 3828 1699 3881 editionum
1754 3829 2038 3882 institutae
2095 3834 2241 3894 sunt,
2312 3847 2487 3898 usque
2544 3831 2612 3883 ad

141 3925 201 3977 h.
242 3942 286 3976 s,
323 3940 534 3978 annum
570 3923 833 3978 LXXXIV
874 3923 932 3976 in
967 3923 1143 3976 lucem
1182 3937 1294 3974 non
1331 3920 1664 3988 prodierunt.

357 4017 398 4083 ²)
434 4015 513 4068 Cf.
551 4013 748 4070 Ritteri
809 4012 1326 4068 commentationis:
1397 4013 1520 4078 ,Die
1590 4014 2083 4076 Quintilianischen
2154 4014 2612 4080 Declamationen‚

139 4110 427 4176 Freibury
463 4126 514 4160 u.
557 4109 837 4174 Tilbinycn
879 4107 1036 4161 1881‘
1069 4124 1120 4175 p.
1155 4105 1255 4158 219
1290 4121 1409 4172 sqq.

355 4201 396 4267 ⁸)
429 4201 495 4254 M.
532 4200 589 4253 F.
645 4199 974 4266 Quintiliani
1039 4197 1467 4253 declamationes
1506 4213 1651 4264 quae
1687 4202 1983 4264 supersunt
2022 4198 2204 4250 CXLV
2238 4197 2516 4253 recensuit
2552 4200 2609 4253 C.

137 4292 348 4358 Ritter,
385 4292 603 4360 Lipsiae
643 4292 786 4345 1884.

353 4387 397 4452 ⁴)
437 4386 494 4439 in
531 4385 734 4448 libello,
767 4384 863 4453 qui
898 4387 980 4451 ,de
1009 4384 1316 4436 minoribus
1340 4399 1476 4451 quae
1509 4383 1610 4434 sub
1630 4385 1845 4434 nomine
1869 4384 2204 4446 Quintil-iani
2234 4386 2500 4450 feruntur
2526 4387 2611 4438 de·

137 4478 588 4532 clamationibus‘
622 4479 956 4543 inscribitur,
993 4474 1458 4546 Gryphiswaldiae
1495 4473 1641 4526 1883.

361 4570 404 4638 5)
441 4570 518 4624 Cf.
559 4571 803 4625 Berliner
836 4570 967 4639 phil.
1004 4567 1447 4623 Wochenschrift
1481 4567 1541 4619 V.
1591 4567 1714 4619 ¹885
1748 4583 1802 4635 p.
1839 4567 2140 4633 1099s1100.
