3125 5209
1661 320 1731 375 :24

463 471 597 534 fere
655 489 888 534 omnes
945 490 985 533 a
1035 470 1088 533 B
1133 473 1195 532 et
1241 469 1292 532 C
1337 470 1580 551 pariter
1626 470 1975 534 traduntur
2019 490 2368 553 apparere,
2440 470 2771 535 artissime
2829 491 2960 535 eos

463 578 723 643 codices
794 578 962 642 inter
1029 598 1098 642 se
1163 579 1550 642 coniunctos
1622 599 1783 643 esse.
1875 579 2007 644 Sed
2070 599 2139 643 re
2197 600 2355 644 vera
2412 578 2541 644 hoc
2597 599 2957 644 consensu

461 687 620 752 nihil
673 686 967 752 efficitur.
1057 687 1635 768 Duodesexaginta
1691 688 1867 751 enim
1925 687 2162 752 horum
2219 689 2515 752 locorum
2563 708 2604 751 a
2649 690 2834 752 libro
2894 688 2957 751 A

458 796 696 861 iisdem
741 796 971 860 litteris
1019 796 1437 875 exhibentur,
1480 797 1721 879 quibus
1768 816 1809 860 a
1855 798 1903 860 B
1951 802 2016 861 et
2063 797 2133 861 C.
2223 798 2502 861 Restant
2550 799 2743 881 igitur
2798 818 2959 863 non

464 906 748 989 amplius
809 906 1037 987 viginti
1091 910 1223 970 tres
1279 907 1360 970 de
1405 906 1647 988 quibus
1693 908 2063 971 accuratius
2108 907 2464 971 videndum
2514 913 2629 974 est.
2718 908 2958 991 Atqui

462 1036 699 1080 novem
751 1036 978 1080 eorum
1027 1036 1067 1078 a
1114 1016 1163 1081 C
1208 1015 1396 1080 aliter
1440 1016 1715 1079 traditos
1762 1021 1962 1098 atque
2008 1037 2048 1081 a
2092 1017 2143 1081 B
2192 1016 2333 1098 ipse
2360 1017 2573 1081 Ritter
2617 1017 2702 1081 ad
2745 1038 2825 1099 p.
2860 1018 2959 1082 XI

463 1124 808 1190 annotavit
850 1126 974 1189 hos

969 1260 1029 1323 A
1768 1260 1819 1323 B
2467 1260 2517 1323 C

469 1374 616 1448 180,
665 1371 848 1451 24l25
895 1368 1165 1432 ultimae
1206 1368 1422 1450 pelagi
1566 1369 1760 1452 (sicut
1802 1370 1869 1432 in
1914 1370 2003 1449 A)
2267 1369 2499 1433 ultima
2543 1370 2753 1451 pelagi

464 1484 606 1555 210,
654 1481 839 1557 28:29
887 1477 1256 1559 intellegitis
1553 1478 1941 1559 intellegetis
2263 1478 2615 1558 intelligitis

473 1593 618 1665 219,
669 1593 743 1649 12
889 1586 1170 1651 formula
1565 1586 1847 1651 formula
2269 1588 2545 1651 formule

468 1703 611 1775 317,
660 1703 739 1759 26
886 1696 1191 1760 emittunt
1565 1696 1877 1759 amittunt
2264 1697 2571 1760 emittunt

469 1811 611 1884 348,
665 1812 700 1868 9
895 1824 1050 1869 nam
1097 1808 1162 1868 et
1568 1810 1805 1870 natura
1851 1808 1914 1868 et
2266 1825 2418 1869 nam
2468 1810 2532 1869 et
2596 1786 2625 1811 κ

466 1920 608 1993 367,
658 1918 843 1993 23124
888 1914 1068 1995 quod
1557 1913 1895 1995 quomodo
2266 1933 2398 1995 quo

467 2029 612 2100 370,
661 2030 732 2085 11
884 2023 1213 2105 prolatum
1566 2023 1897 2104 prolatum
2267 2023 2621 2103 probatum

469 2138 612 2210 372,
662 2137 740 2194 22
886 2131 1014 2195 Aa:
1056 2132 1469 2213 profecerunt
1558 2130 1949 2212 profecerint
2262 2131 2678 2213 profecerunt

879 2242 1014 2306 Ab:
1062 2242 1402 2324 proferunt

468 2357 612 2430 440,
663 2356 740 2413 15
895 2354 959 2415 et
1001 2355 1189 2415 tuum
1561 2355 1627 2414 et
1670 2354 1857 2414 tuum
2512 2353 2541 2413 ⁴?
2591 2353 2647 2431 1)

634 2486 730 2549 Ex
796 2486 1026 2549 ceteris
1106 2485 1634 2568 quattuordecim
1712 2489 1931 2549 autem
1992 2487 2045 2550 B
2110 2491 2173 2549 et
2228 2486 2279 2549 C
2336 2486 2598 2550 duobus
2644 2485 2818 2547 inter
2878 2506 2960 2549 se

470 2595 844 2677 discrepare
897 2595 964 2659 in
1017 2594 1082 2659 h.
1143 2615 1195 2659 c.
1249 2615 1312 2677 p.
1372 2602 1448 2659 18
1497 2594 1963 2659 demonstravi.
2053 2596 2222 2677 Ergo
2270 2594 2624 2659 duodecies
2671 2597 2961 2659 tantum

469 2705 522 2768 B
575 2709 639 2768 et
693 2704 742 2768 C
793 2704 886 2768 ita
937 2704 1105 2768 inter
1157 2724 1227 2768 se
1286 2704 1731 2781 consentiunt,
1802 2710 1874 2768 ut
1918 2704 2125 2768 codex
2170 2704 2231 2766 A
2274 2724 2425 2768 cum
2469 2704 2547 2766 iis
2592 2723 2724 2767 non
2774 2723 2965 2767 con—

480 2816 687 2895 gruat.
756 2813 1069 2879 Exscriho
1115 2812 1239 2877 hos
1271 2832 1541 2894 quoque
1587 2814 1788 2891 locOS,
1853 2833 1985 2895 quo
2031 2813 2256 2876 videas
2300 2813 2423 2877 has
2466 2812 2972 2892 discrepantias

471 2922 710 2986 nullius
755 2923 890 2986 fere
932 2922 1251 2986 momenti
1297 2942 1458 2986 esse.
1549 2924 1747 2986 Sunt:

1119 3058 1178 3121 A
2046 3058 2097 3123 B
2118 3057 2223 3140 (C)

524 3173 623 3244 33,
674 3173 704 3228 1
900 3167 1154 3231 accedit
1934 3167 2173 3232 accidit

525 3332 623 3404 77,
671 3332 707 3389 3
903 3278 1223 3389 remisllsss')
1255 3331 1478 3391 tamen
1524 3327 1786 3391 veniam
1932 3326 2178 3391 remisit
2223 3326 2421 3391 istam
2464 3325 2729 3389 veniam

527 3440 626 3514 89,
676 3442 754 3497 14
900 3455 1063 3517 pace
1932 3440 2120 3518 parte
2170 3436 2223 3519 ²)

485 3551 625 3621 117,
674 3550 710 3607 3
905 3545 1113 3609 secuti
1935 3544 2125 3609 sicuti

480 3659 619 3733 141,
666 3660 704 3717 8
894 3654 1176 3737 spectari
1935 3658 2234 3737 spectare

483 3768 630 3839 158,
671 3766 856 3845 23s24
900 3766 1122 3845 putem
1173 3764 1280 3827 diu
1328 3764 1562 3829 fecisse
1936 3767 2163 3848 putem
2208 3763 2321 3828 diu
2365 3764 2565 3828 fuisse

484 3877 628 3949 159,
671 3874 710 3936 9
895 3876 1116 3936 mutus
1937 3877 2161 3937 motus

489 3986 628 4059 176,
675 3987 756 4043 24
903 3983 1046 4045 Aa:
1093 3981 1201 4045 dio
1249 3981 1610 4046 evenissem
1935 3982 2083 4065 dico
2130 3982 2449 4046 evenisset

896 4091 1040 4156 Ab:
1088 4090 1235 4154 dico
1282 4091 1648 4155 evenissem

681 4336 723 4401 ι)
759 4335 903 4388 Dicit
938 4333 1162 4403 quidem
1200 4335 1264 4389 R.
1299 4334 1542 4387 codicem
1581 4334 1619 4387 (J
1661 4336 1767 4387 hoc
1800 4334 1921 4387 loco
1958 4333 2281 4401 discrepare,
2320 4335 2415 4388 sed
2450 4335 2779 4402 scripturam
2819 4335 2957 4392 eius

477 4444 592 4481 non
636 4428 834 4481 attulit.

681 4521 721 4587 ²)
760 4519 837 4573 cf.
877 4520 930 4573 h.
967 4536 1166 4573 comm.
1204 4536 1256 4587 p.
1285 4520 1362 4572 19.
