3125 5209
1700 386 1822 443 -18

557 536 716 602 locis
769 537 819 602 C
875 535 1200 618 scriptura
1251 555 1402 600 cum
1455 537 1516 601 A
1569 537 1921 616 consentit,
1981 559 2021 602 a
2074 538 2329 602 Rittero
2384 537 2621 604 iniuria
2668 536 2924 603 codicis
2974 537 3021 601 B

565 647 878 712 lectiones
937 647 1003 710 in
1062 645 1400 728 scriptoris
1444 647 1649 711 verba
1693 651 1995 730 receptae
2048 653 2221 712 sunt.
2312 648 2559 713 Contra
2602 648 2670 712 in
2717 669 2785 731 p.
2832 653 3021 726 348,ss

558 756 804 820 codicis
849 758 901 820 B
946 755 1294 820 lectionem
1353 756 1558 838 ,nialla
1612 758 1883 820 ratione‘
1936 757 2435 839 praeferendam
2491 777 2638 820 esse
2682 758 3023 821 existima-

561 866 789 944 verim,
833 866 887 928 si
934 866 1196 947 quidem
1245 865 1294 928 C
1342 864 1623 928 eandem
1671 865 2019 930 lectionem
2050 865 2355 929 exhibere
2386 869 2660 930 constet.
2724 869 3027 949 Apparet

561 976 757 1056 igitur
827 975 1151 1039 Ritterum
1229 974 1649 1054 neglegenter
1718 980 1782 1038 et
1852 975 2023 1039 male
2088 974 2353 1054 fecisse,
2447 975 2629 1056 quod
2696 975 3028 1055 integrum

561 1084 852 1150 codicem
902 1085 952 1148 C
998 1103 1135 1147 non
1181 1083 1483 1148 excussit.

730 1196 960 1276 Neque
1004 1213 1160 1258 vero
1208 1199 1631 1274 argumenta,
1686 1194 1925 1276 quibus
1990 1195 2174 1258 nisus
2224 1196 2437 1259 Ritter
2480 1195 2777 1260 codicem
2828 1195 2883 1259 C
2932 1195 3031 1258 ni-

559 1305 675 1369 hili
708 1306 840 1368 fere
883 1303 1228 1386 pependit,
1289 1303 1374 1367 ad
1421 1303 1816 1368 sententiam
1862 1303 2004 1368 eius
2050 1304 2621 1386 comprobandam
2669 1304 3028 1368 sufficiunt.

564 1414 857 1478 Collatae
925 1413 1097 1476 enim
1152 1416 1304 1476 sunt
1377 1413 1439 1475 in
1495 1413 1733 1476 Ritteri
1784 1433 1979 1477 usum
2034 1413 2477 1478 intercedente
2527 1413 2833 1494 Augusto
2880 1415 3035 1478 Mau

562 1523 1077 1587 declamationes
1150 1527 1292 1599 252,
1357 1527 1499 1600 266,
1563 1527 1705 1601 267,
1776 1529 1919 1602 268,
1980 1529 2123 1601 269,
2170 1530 2313 1601 270,
2361 1530 2514 1601 271;
2558 1529 2905 1605 praeterea
2954 1523 3033 1587 de

565 1632 969 1714 quibusdam
998 1632 1156 1694 locis
1180 1631 1417 1696 certior
1457 1631 1670 1697 factus
1718 1636 1816 1696 est
1862 1653 1979 1714 per
2018 1631 2301 1697 amicum
2332 1635 2398 1713 ¹).
2485 1633 2666 1696 Licet
2705 1632 2911 1714 igItur
2949 1633 3029 1697 de

559 1741 686 1804 hac
754 1741 945 1804 tertia
1003 1741 1134 1804 fere
1188 1741 1442 1804 decima
1495 1746 1683 1824 parte
1736 1743 2033 1806 omnium
2088 1741 2647 1807 declamationum
2700 1763 2741 1808 a
2787 1742 2840 1806 C
2884 1747 3024 1805 tra-

575 1851 859 1915 ditarum
917 1869 1068 1914 vere
1130 1851 1541 1930 iudicaverit,
1608 1851 1675 1915 in
1718 1851 2027 1934 neglectis
2074 1850 2421 1916 duodecim
2464 1852 2762 1932 partibus
2808 1872 3035 1916 nonne

572 1960 871 2023 meliores
917 1960 1230 2023 lectiones
1275 1961 1477 2023 latere
1515 1964 1838 2042 possunt?

732 2069 1005 2132 Accedit
1066 2069 1248 2150 quod
1309 2089 1392 2132 ne
1463 2069 1662 2133 huius
1714 2069 2029 2133 minimae
2082 2069 2347 2152 quidem
2405 2070 2647 2134 codicis
2702 2070 2752 2133 C
2815 2070 3029 2151 partis

564 2179 825 2243 collatio
893 2179 1053 2242 satis
1121 2178 1461 2261 diligenter
1522 2184 1589 2243 et
1658 2183 1959 2244 accurate
2021 2180 2320 2245 confecta
2379 2185 2495 2245 est.
2604 2179 2774 2244 Dicit
2850 2180 3035 2243 enim

565 2289 776 2351 Ritter
844 2287 911 2350 in
982 2287 1416 2351 annotatione
1491 2289 1578 2352 ad
1659 2288 1763 2352 ed.
1827 2289 2030 2371 praef.
2100 2309 2159 2370 p.
2229 2289 2316 2352 XI
2398 2289 2761 2369 adscripta,
2832 2287 3033 2351 novis

573 2397 896 2478 excerptis
952 2416 991 2459 a
1053 2397 1268 2459 Mavio
1331 2396 1456 2459 sibi
1519 2397 1857 2478 permissis
1912 2417 1985 2460 se
2038 2417 2392 2478 cognosse,
2465 2401 2722 2479 praeter
2765 2416 3037 2474 novem,

566 2525 796 2569 omnes
857 2505 1069 2582 locOS,
1141 2524 1310 2585 quos
1363 2508 1436 2568 ut
1502 2505 1886 2587 desperatos
1950 2506 2138 2586 signo
2207 2508 2284 2584 —4-
2358 2506 2713 2584 notaverit,
2797 2505 3037 2568 iisdem

565 2615 792 2678 litteris
838 2614 905 2677 in
950 2615 1117 2677 libro
1163 2615 1242 2692 C,
1302 2615 1542 2695 quibus
1589 2615 1654 2678 in
1700 2616 1783 2693 B,
1838 2615 2030 2680 tradi.
2119 2614 2322 2696 Atqui
2367 2615 2793 2678 inveniuntur
2836 2614 2906 2677 in
2961 2632 3037 2676 ea

565 2723 1117 2788 declamationum
1166 2728 1370 2805 parte,
1427 2744 1559 2805 qua
1606 2724 1816 2788 Ritter
1859 2725 2144 2804 integras
2189 2725 2333 2787 libri
2381 2724 2431 2788 C
2476 2724 2790 2788 lectiones
2838 2723 3027 2786 dedit

567 2852 803 2898 novem
836 2833 958 2897 loci
990 2834 1356 2916 -†—signati,
1404 2834 1550 2896 dico
1599 2839 1699 2912 32,
1749 2839 1855 2912 24;
1902 2839 2003 2911 32,
2050 2839 2158 2910 26;
2206 2839 2307 2913 34,
2354 2839 2546 2911 8-9;
2595 2839 2695 2913 89,
2746 2837 3028 2910 13-15;

569 2947 669 3020 89,
725 2947 832 3018 22;
897 2947 998 3019 90,
1063 2948 1168 3018 12;
1225 2946 1322 3019 95,
1378 2948 1573 3019 4-63
1624 2947 1763 3021 102,
1813 2948 2089 3019 15-—163
2142 2947 2281 3024 110,
2331 2947 2429 3021 14,
2474 2961 2759 3023 quorum
2803 2941 3031 3005 nullus

569 3050 737 3114 inter
781 3069 894 3113 eos
941 3070 1199 3129 novem,
1248 3071 1414 3132 quos
1461 3052 1734 3133 excepit,
1782 3051 2311 3133 deprehenditur.
2401 3052 2621 3128 Quare
2666 3051 2721 3114 si
2758 3050 3031 3132 quidem

567 3159 828 3223 collatio
886 3159 951 3221 in
1006 3178 1162 3222 usus
1216 3159 1450 3222 Ritteri
1495 3160 1672 3223 facta
1716 3163 1779 3223 et
1825 3160 2058 3224 Ritteri
2103 3159 2457 3242 descriptio
2503 3178 2653 3223 vere
2697 3179 2769 3223 se
2814 3159 3026 3222 habe-

568 3273 740 3346 rent,
797 3268 1088 3332 codicem
1147 3269 1196 3331 Β
1245 3288 1396 3331 cum
1443 3268 1492 3332 C
1546 3288 1784 3332 novem
1837 3269 1979 3347 illis,
2028 3289 2199 3351 quos
2244 3269 2407 3346 dixi,
2458 3268 2621 3332 locis
2666 3287 3033 3348 congruere

567 3397 834 3441 necesse
888 3381 1076 3441 esset.
1164 3378 1263 3441 Re
1312 3397 1466 3441 vera
1519 3381 1739 3442 autem
1789 3378 2051 3442 duobus
2105 3378 2265 3442 locis
2319 3377 2628 3442 lectiones
2674 3377 2921 3441 codicis
2970 3377 3022 3439 B

536 3491 630 3550 ·et
687 3486 736 3550 C
775 3487 942 3550 inter
984 3506 1054 3550 se
1101 3487 1364 3551 distant.
1453 3487 1733 3550 Exhibet
1774 3486 1950 3551 enim
1995 3508 2057 3569 p.
2102 3493 2202 3567 32,
2258 3492 2339 3549 24
2383 3487 2434 3550 Β
2479 3507 2578 3569 ,ac
2628 3486 3021 3570 periculum‘

569 3616 719 3659 cum
772 3596 822 3660 C
879 3592 1240 3660 secundum
1283 3596 1610 3660 Ritterum
1654 3596 2004 3677 legendum
2049 3597 2361 3679 praebeat
2403 3596 2493 3677 ,al
2525 3595 2917 3678 periculum‘
2946 3596 3028 3674 Ἰ);

568 3710 768 3788 atque
813 3727 874 3788 p.
923 3711 1033 3784 89,
1089 3711 1165 3767 22
1212 3705 1280 3768 in
1324 3705 1375 3768 B
1423 3706 1532 3786 ,ad
1578 3707 1699 3784 ea‘,
1756 3705 1822 3769 in
1869 3706 1918 3770 C
1971 3706 2122 3781 ,alta
2168 3711 2259 3769 ea‘
2307 3704 2621 3770 traditum
2668 3708 2785 3767 est.
2878 3703 3031 3780 Qua

567 3835 636 3878 re
681 3816 762 3879 de
805 3815 1172 3880 collationis
1217 3815 1486 3879 veritate
1531 3815 1820 3897 suspicio
1856 3815 2018 3878 mihi
2061 3818 2246 3879 mota
2290 3819 2409 3879 est.
2496 3813 2682 3890 Quae
2727 3812 2922 3878 valde
2953 3833 3031 3877 eo

569 3924 952 4006 augebatur,
998 3924 1177 4006 quod
1223 3923 1442 3986 multis
1488 3923 1649 3986 locis
1696 3944 1775 3987 ex
1819 3923 2053 3987 Ritteri
2096 3923 2353 3987 silentio
2398 3923 2464 3986 in
2510 3923 2675 3986 libro
2716 3921 2766 3985 C
2813 3921 3035 3985 inesse

573 4032 998 4109 videbantur,
1055 4051 1224 4113 quae
1269 4031 1538 4095 minime
1582 4032 1667 4094 ad
1713 4032 1949 4096 Ritteri
1988 4030 2183 4095 huius
2229 4031 2473 4095 codicis
2519 4029 3033 4112 descriptionem

574 4140 1014 4222 quadrabant.
1084 4140 1310 4220 Itaque
1356 4139 1421 4202 id
1467 4140 1589 4220 egi,
1636 4145 1708 4204 ut
1755 4139 2269 4204 declamationes
2313 4139 2481 4218 illae,
2510 4158 2795 4220 quarum
2824 4138 3035 4222 scrip-

773 4389 810 4451 ι)
846 4385 924 4438 Cf.
960 4385 1026 4438 R.
1060 4385 1142 4437 ed.
1180 4384 1347 4452 praef.
1383 4398 1433 4450 p.
1470 4381 1569 4435 Xl.

775 4479 814 4544 ²)
850 4478 928 4530 Ex
967 4494 1113 4530 nova
1150 4477 1207 4529 in
1243 4492 1428 4528 meum
1467 4492 1625 4528 usum
1668 4475 1913 4529 confecta
1951 4474 2240 4528 collatione
2295 4481 2517 4543 apparet
2571 4471 2810 4527 codicem
2852 4474 2890 4525 C
2930 4475 3037 4527 hoc

569 4570 688 4624 loco
727 4587 838 4623 non
873 4569 963 4637 ,al‘
1000 4568 1090 4621 sed
1129 4570 1234 4634 ‚ad‘
1272 4567 1547 4620 exhibere.
1620 4569 1686 4620 cf.
1724 4569 1776 4620 h.
1816 4584 2011 4620 comm.
2050 4585 2100 4635 p.
2141 4567 2220 4619 19.
