3125 5209
1380 318 1452 376 15

187 471 307 537 sed
351 452 795 537 commutatas
855 476 1055 554 atque
1117 472 1184 535 in
1246 472 1510 537 brevius
1555 475 1930 537 contractas
1976 471 2062 536 ad
2106 490 2232 537 nos
2254 454 2657 555 'pervenisse

187 581 332 664 ipse
378 580 830 648 Trabandtius
877 581 1165 647 ostendit
1202 584 1274 663 ι).’
1355 581 1590 664 Itaque
1633 580 1921 662 cogitare
1967 581 2161 645 nobis
2225 580 2412 661 licet,
2486 601 2657 646 non-

189 710 535 773 nunquam
600 690 1006 773 neglegentia
1067 690 1531 772 excipientium
1551 741 1567 770 ,
1641 710 1812 773 quae
1882 689 2331 769 Quintilianus
2403 690 2659 769 dixerit,

189 803 502 883 corrupta
546 818 710 864 esse.
798 800 946 883 Ipse
1009 801 1277 883 quidem
1343 800 1786 877 Quintilianus
1851 819 2000 864 cum
2070 799 2215 863 aliis
2276 798 2423 863 inst.
2492 804 2657 865 orat.

190 907 349 972 locis
390 913 535 972 tum
582 908 716 973 VII.
763 913 821 983 2,
869 914 949 970 24
994 909 1076 972 de
1121 908 1532 990 neglegentia
1588 928 1854 987 eorum,
1918 907 2027 991 qui
2093 907 2393 972 actiones
2458 927 2659 992 quas-

192 1016 346 1081 dam
400 1016 610 1098 ipsius
654 1017 1108 1097 vulgaverant,
1156 1017 1466 1100 queritur,
1515 1037 1667 1081 cum
1713 1017 1895 1081 dicit:
1983 1016 2209 1098 ,Cuius
2252 1018 2560 1081 actionem
2606 1023 2663 1081 et

192 1126 448 1211 quidem
491 1127 693 1190 solam
738 1127 808 1188 in
851 1125 966 1190 hoc
1010 1132 1257 1210 tempus
1329 1127 1661 1190 emiseram
1679 1175 1700 1208 ,
1769 1126 1939 1212 quod
1998 1127 2209 1209 ipsam
2279 1147 2377 1190 me
2432 1125 2660 1206 fecisse

191 1234 450 1297 ductum
492 1235 759 1299 iuvenili
802 1235 1155 1317 cupiditate
1193 1236 1441 1319 yloriae
1479 1235 1715 1316 fateor.
1812 1234 1979 1298 Nam
2022 1240 2293 1311 ceterae,
2341 1255 2503 1319 qaae
2545 1235 2658 1299 sub

190 1346 443 1407 nomine
485 1364 618 1408 meo
659 1343 987 1425 feruntur,
1033 1345 1421 1429 neqleyentia
1467 1344 1914 1427 excipientium
1947 1344 2018 1406 in
2045 1350 2376 1429 quaestum
2410 1345 2658 1407 notari-

188 1472 374 1516 orum
417 1459 758 1536 corruptae
799 1454 1133 1517 minimam
1167 1460 1425 1536 partem
1467 1454 1593 1517 mei
1633 1451 1904 1516 habent‘.

363 1593 459 1658 Ex
502 1594 610 1672 iis,
669 1614 842 1678 quae
885 1594 1196 1676 exposui,
1253 1595 1414 1659 satis
1460 1595 1619 1659 mihi
1665 1594 1953 1677 intellegi
1995 1613 2196 1675 posse
2238 1595 2498 1659 videtur
2540 1614 2660 1659 ne-

190 1723 320 1785 que
383 1703 617 1767 Ritteri
681 1722 896 1785 neque
961 1703 1353 1769 Trabandtii
1413 1704 1796 1786 opinionem
1860 1683 2265 1785 argumentis
2351 1723 2657 1786 compro-

187 1814 420 1877 batam
467 1832 614 1876 esse
657 1831 866 1896 eaque
919 1816 1092 1876 certe
1146 1832 1316 1896 quae
1365 1813 1815 1877 Trabandtius
1859 1812 2133 1896 protulit
2204 1834 2339 1878 non
2393 1813 2658 1878 obstare

188 1921 552 2003 quominus
597 1924 998 2001 statuamuS,
1054 1921 1567 1986 declamationes
1621 1942 1701 1985 ex
1756 1920 2141 1999 Quintiliani
2199 1921 2430 1988 schola
2474 1927 2655 1987 ortas

186 2049 396 2108 esse„
465 2030 600 2093 Res
672 2029 868 2109 igitur
935 2029 1202 2109 eodem,
1275 2050 1409 2112 quo
1481 2034 1706 2107 antea,
1777 2033 1955 2093 statu
2019 2035 2336 2094 versatur.
2437 2029 2655 2108 Quam

187 2140 278 2202 ob
323 2158 462 2202 rem
509 2137 708 2202 aliam
751 2138 928 2202 viam
973 2138 1423 2220 ingrediamur
1466 2158 1732 2204 necesse
1777 2142 1898 2216 est,
1944 2144 2018 2201 ut
2060 2139 2299 2203 harum
2323 2137 2654 2203 declama-

183 2248 448 2311 tionum
492 2247 882 2330 scriptorem
929 2267 1429 2330 cognoscamus,

363 2382 591 2447 Solent
629 2402 783 2471 vero
831 2382 1166 2465 discipuli,
1226 2384 1424 2447 etiam
1471 2384 1561 2462 si,
1618 2402 1789 2475 quae
1834 2404 1874 2448 a
1918 2383 2254 2465 magistris
2301 2382 2653 2463 dictantur,

187 2495 603 2556 commutata
645 2473 846 2573 atque
888 2491 956 2555 in
1000 2491 1265 2555 brevius
1329 2496 1667 2557 contracta
1710 2492 2076 2574 excipiunt,
2149 2492 2384 2556 iisdem
2438 2491 2655 2556 verbis

189 2604 397 2684 atque
442 2600 676 2665 eadem
720 2600 980 2665 dicendi
1040 2601 1448 2684 proprietate
1517 2601 1609 2665 uti
1684 2605 1895 2684 atque
1937 2606 2347 2684 praeceptor.
2440 2601 2655 2680 Quam

191 2710 284 2774 ob
331 2731 469 2775 rem
515 2729 788 2793 prorsus
829 2711 1155 2775 assentior
1199 2710 1521 2775 Casimiro
1568 2712 1651 2775 de
1695 2711 2065 2790 Morawski,
2111 2711 2293 2795 quil.
2320 2711 2360 2776 l.
2391 2731 2454 2795 p.
2492 2716 2651 2774 1102

194 2840 233 2883 e
292 2819 854 2884 declamationum
917 2819 1176 2884 dicendi
1234 2839 1472 2902 genere
1523 2819 1613 2884 ad
1674 2821 2057 2902 scriptorem
2123 2821 2655 2904 cognoscendum

190 2930 575 2995 testimonia
636 2930 1016 3011 quaerenda
1079 2949 1222 2994 esse
1283 2930 1625 2993 contendit
1657 2934 1727 3012 ²).
1814 2922 2074 3011 Negant
2132 2949 2293 2994 sane
2357 2930 2572 3013 Ritter
2601 2930 2654 3012 ⁸)

195 3044 264 3103 et
309 3019 764 3105 Trabandtius
794 3041 849 3123 ⁴)
895 3040 1020 3103 hac
1066 3039 1132 3103 in
1176 3059 1246 3102 re
1287 3039 1563 3103 multum
1596 3040 1909 3103 interesse
1951 3040 2119 3103 inter
2146 3038 2656 3106 declamationes

194 3154 264 3212 et
307 3136 788 3213 institutionem
834 3150 1211 3213 oratoriam.
1299 3148 1431 3212 Sed
1484 3148 1540 3211 si
1596 3149 1744 3229 quis
1793 3144 2354 3213 declamationum
2405 3166 2658 3213 sermo-

198 3257 305 3320 nis
349 3256 649 3339 exempla
693 3257 1071 3337 singularia,
1118 3277 1289 3339 quae
1331 3256 1417 3320 illi
1471 3256 1594 3339 ipsi
1624 3257 2001 3334 attulerunt,
2046 3260 2495 3351 perscrutatus
2540 3256 2659 3321 erit

412 3565 452 3630 ²)
489 3564 568 3618 Cf.
607 3565 643 3617 l.
677 3563 711 3616 l.
748 3581 798 3631 p.
834 3562 902 3616 32
934 3580 1054 3632 sqq.
1090 3562 1380 3617 Praeterea
1415 3562 1507 3616 cf.:
1565 3561 2011 3617 Wochenschrist
2064 3562 2156 3616 fiir·
2199 3561 2499 3616 klassische
2540 3560 2659 3631 phi·

191 3655 398 3723 lologie
434 3655 530 3709 111.
584 3656 730 3731 1886.
764 3672 816 3723 p.
853 3656 933 3720 76,
969 3656 1064 3709 ubi
1101 3654 1160 3709 C.
1195 3655 1432 3709 Schenkl
1469 3656 1571 3707 hac
1604 3654 1671 3709 de
1704 3671 1764 3708 re
1797 3654 1929 3712 dicit
1960 3654 2123 3709 haec:
2196 3654 2342 3721 ,Ver
2374 3655 2529 3706 ollem
2559 3655 2661 3722 ραι

192 3766 268 3814 es,
299 3750 404 3801 den
437 3750 904 3817 sprachqebrauch
937 3750 1230 3816 sorqfciltiq
1259 3766 1330 3801 zu
1365 3748 1743 3815 umere-acheri,
1787 3749 1954 3801 wobei
1983 3748 2119 3801 auch
2174 3748 2393 3814 darauf
2428 3764 2497 3800 zu
2535 3748 2659 3801 ach-

192 3848 288 3893 ten
321 3844 440 3894 sein
469 3843 628 3906 wird,
662 3842 779 3893 aab·
812 3844 916 3894 wir
951 3843 1101 3893 nicht
1133 3842 1220 3894 die
1252 3846 1505 3909 vortrdqe
1543 3834 1894 3905 Quintiliana,
1942 3840 2183 3893 sondern
2230 3856 2342 3891 nur
2376 3840 2463 3891 die
2498 3838 2659 3891 nack·

188 3934 572 4000 schreibehefte
604 3935 883 3987 herstellen
931 3934 1164 3986 ko‘nnen.
1237 3934 1495 3987 Manches
1545 3933 2022 3999 unvollkommene,
2070 3932 2403 3999 abqerisaene
2452 3931 2515 3983 in
2564 3931 2663 3982 der

189 4026 537 4094 dareteltunq
569 4029 713 4080 wird
742 4044 874 4080 man
908 4028 982 4080 da
1013 4028 1339 4081 hinnehmen
1371 4032 1602 4093 milssen,
1639 4027 1773 4080 ohne
1806 4043 1877 4078 zu
1913 4028 2065 4079 einer
2098 4025 2385 4090 anderuny
2412 4040 2482 4075 zu
2514 4024 2661 4091 yrei-

187 4121 308 4186 fen,
343 4120 686 4185 namentlieh,
721 4136 834 4172 was
867 4120 954 4171 die
988 4120 1327 4187 verbindunq
1360 4120 1459 4171 der
1489 4124 1635 4172 cdtze
1672 4117 1909 4185 betrifft.‘

401 4234 444 4301 ²)
477 4235 736 4290 Eiusdem
771 4237 1079 4290 sententiae
1113 4236 1381 4290 Ricardus
1415 4235 1573 4305 Opitz
1607 4250 1726 4288 esse
1763 4234 1995 4288 videtur.
2040 4232 2117 4289 Cf.
2140 4230 2663 4299 ,commentationes

186 4330 390 4397 philol.
431 4328 488 4382 Ο.
526 4328 811 4381 Ribbeckio
849 4329 1074 4393 oblatae,
1118 4330 1337 4397 Lipsiae
1371 4331 1538 4395 1888‘,
1572 4344 1623 4397 p.
1662 4331 1742 4380 55.

406 4447 444 4512 ⁸)
485 4448 541 4500 L.
579 4446 612 4500 1.
649 4464 699 4517 p.
735 4446 851 4500 219.

406 4568 450 4635 ⁴)
487 4567 549 4621 L.
582 4568 616 4621 1.
652 4584 703 4637 p.
744 4566 828 4621 41.
