3125 5209
1269 438 1373 442 W
1389 353 1457 412 31

695 531 747 597 Β
1943 533 2065 598 AC·

324 662 425 736 99,
471 664 509 722 5
601 646 984 724 ‘inilteretur
1620 659 1687 724 in
1732 659 1974 724 liberos
2022 660 2304 724 mitteret

282 771 423 846 101,
473 773 550 831 15
596 773 830 851 torque
875 774 939 834 et
983 770 1303 853 quidquid
1333 771 1420 852 (⁶2)
1615 773 1887 851 torque:
1936 769 2258 851 quidquid

280 882 425 954 101,
475 884 549 940 17
597 878 1045 942 adhibendum
1096 898 1245 964 spes
1292 879 1411 943 erit
1625 878 1885 956 adhibe,
1934 878 2089 941 dum
2139 879 2409 961 spiritus
2456 879 2577 943 erit

280 989 425 1066 102,
471 992 506 1047 9
596 987 928 1070 asperiore
972 988 1074 1051 usi
1632 986 1999 1069 asperiores
2044 987 2110 1050 in

285 1100 426 1172 102,
475 1101 561 1159 20
603 1115 807 1162 causa
852 1097 1010 1161 mali
1055 1097 1158 1162 cui
1638 1116 1909 1162 causam
1954 1097 2147 1161 alicui

282 1211 426 1282 112,
471 1210 551 1267 27
597 1225 822 1269 secum
868 1205 1021 1270 dolo
1077 1225 1225 1269 cum
1273 1226 1339 1288 p.
1627 1204 1920 1269 secundo
1965 1206 2110 1269 loco
2167 1206 2509 1288 pugnabat

282 1320 421 1393 113,
467 1319 507 1376 4
597 1315 686 1378 dii
727 1315 888 1379 mihi
936 1317 1249 1380 mortales
1633 1315 1722 1378 dii
1772 1315 2175 1379 immortales

187 1472 462 1537 Nullum
509 1494 667 1538 vero
713 1476 1109 1540 mendorum
1153 1496 1382 1558 genuS,
1427 1475 1611 1558 quod
1655 1475 1721 1538 in
1768 1475 1996 1538 ceteris
2066 1474 2402 1539 codicibus
2466 1475 2647 1539 inve-

185 1581 431 1662 nimus,
505 1583 571 1647 in
634 1585 800 1649 libro
870 1585 922 1648 B
983 1586 1185 1650 deest.
1277 1587 1489 1668 Saepe
1559 1585 1734 1649 enirn
1805 1583 2110 1648 vocabuli
2194 1583 2465 1647 alicuius
2544 1588 2658 1648 aut

184 1691 377 1756 locus
423 1697 536 1758 aut
578 1694 790 1758 forma
838 1682 1253 1760 commutata
1298 1699 1415 1772 est,
1460 1714 1660 1777 saepe
1706 1714 1973 1776 quoque
2017 1694 2232 1757 littera
2281 1694 2503 1776 aliqua
2540 1698 2657 1757 aut

189 1802 442 1866 omissa
489 1807 604 1867 aut
643 1803 889 1868 addita.
998 1805 1128 1869 Sed
1193 1824 1424 1868 omnes
1490 1804 1618 1868 hae
1683 1802 2094 1885 corruptelae
2164 1802 2399 1866 calami
2461 1803 2652 1885 lapsu

189 1913 392 1992 atque
435 1911 776 1977 oculorum
822 1913 1237 1978 aberratione
1281 1917 1466 1977 ortae
1510 1917 1684 1990 sunt,
1729 1917 1986 1994 praeter
2029 1912 2216 1990 duaS,
2262 1931 2429 1993 quas
2491 1931 2649 1975 con-

191 2019 366 2085 sulto
413 2040 454 2084 a
499 2021 763 2087 librario
806 2023 1131 2087 admissas
1181 2042 1324 2087 esse
1368 2022 1759 2105 putaverim.
1822 2021 2158 2085 Invenitur
2202 2021 2411 2084 enim:

684 2208 736 2271 Β
1824 2208 1939 2272 AC

322 2339 424 2412 91,
473 2340 503 2396 1
723 2334 849 2398 hae
892 2333 1272 2399 inimicitiae
1676 2335 1797 2399 has
1840 2333 2231 2416 §inimicitias

323 2448 424 2524 96,
474 2446 654 2524 10111
705 2444 1009 2526 publicae
1049 2444 1140 2508 rei
1656 2445 1732 2508 Ρ.
1777 2445 1856 2510 R.

357 2577 532 2640 Inter
573 2577 755 2643 locos
800 2583 1040 2658 autem,
1089 2579 1327 2661 quibus
1372 2580 1424 2642 B
1471 2579 1539 2642 in
1585 2579 1815 2643 melius
1860 2555 1902 2642 a
1942 2578 2172 2642 ceteris
2202 2578 2381 2643 libris
2412 2578 2633 2653 distat,

184 2684 411 2748 nullus
457 2686 775 2766 gravioris
821 2687 1136 2751 momenti
1184 2695 1300 2766 est,
1348 2688 1527 2768 quod
1576 2707 1657 2750 ex
1702 2687 1827 2750 hac
1871 2686 2112 2750 tabella
2155 2691 2517 2769 appareat:

984 2873 1060 2938 Β.
1949 2870 2063 2935 AC

641 3003 742 3077 33,
790 3003 868 3061 29
957 2999 1170 3064 facitis
1778 2997 1965 3063 factis

636 3111 737 3186 86,
788 3113 862 3169 13
951 3128 1086 3172 non
1131 3109 1321 3172 liceat
1774 3127 1857 3170 ne
1899 3106 2092 3170 liceat

637 3220 737 3294 90,
788 3221 862 3278 13
951 3217 1203 3299 aliquid
1775 3214 1977 3297 aliqui

640 3329 742 3405 93,
791 3325 870 3388 10
944 3324 1262 3412 Υνίεἰθῃίω·
1777 3323 2034 3386 videtur

637 3437 736 3510 94,
783 3439 861 3497 27
953 3438 1125 3498 stare
1773 3452 1902 3497 om.
1949 3435 2127 3496 stare

634 3547 733 3619 99,
783 3547 860 3604 18
947 3543 1203 3607 videtur
1775 3540 2104 3604 videretur

597 3656 736 3732 100,
787 3657 864 3713 14
951 3651 1106 3715 mali
1150 3651 1357 3715 fecisti
1762 3649 1933 3714 male
1998 3647 2205 3712 fecisti

594 3765 732 3838 103,
781 3765 818 3821 3
947 3761 1392 3824 accidentibus
1757 3749 2209 3821 excidentibus

597 3874 713 3931 106
739 3871 922 3951 19Ι20
961 3874 1220 3951 oportet
1764 3870 2100 3949 oporteret

597 3984 738 4057 112,
788 3986 861 4041 11
952 3980 1081 4043 mei
1769 3996 1917 4040 meo
1944 3978 1992 4056 ¹)

394 4245 436 4316 1)
471 4247 726 4302 Forsitan
761 4265 828 4302 ex
866 4249 1151 4303 nonnullis
1187 4250 1388 4302 horum
1424 4247 1674 4302 locorum
1710 4245 1815 4313 (94,
1852 4245 1953 4308 27;
2012 4244 2095 4309 99,
2134 4244 2222 4308 18;
2260 4241 2373 4308 103,
2408 4243 2465 4308 33
2536 4242 2652 4308 106,

187 4338 370 4408 19120)
403 4340 732 4395 concludere
766 4342 910 4407 licet,
953 4342 1167 4395 codices
1203 4341 1248 4394 B
1284 4346 1340 4394 et
1373 4339 1414 4393 C
1451 4356 1568 4394 non
1604 4339 1798 4393 eodem
1830 4337 1996 4391 modo
2031 4353 2097 4390 ex
2134 4336 2382 4405 quolibet
2419 4336 2528 4389 alio
2564 4352 2651 4388 co-

186 4432 312 4485 dice
346 4431 647 4502 descriptos
682 4450 817 4500 esse,
853 4435 949 4488 sed
984 4435 1078 4500 ita,
1117 4441 1175 4488 ut
1212 4433 1414 4488 codicis
1450 4432 1492 4486 C
1525 4432 1786 4486 librarius
1821 4428 2121 4499 exemplari
2179 4445 2311 4482 usus
2346 4428 2433 4492 sit,
2503 4428 2652 4495 quod

187 4523 380 4578 codice
416 4525 465 4579 A
500 4525 700 4580 collato
735 4531 1042 4581 correctum
1079 4532 1212 4584 erat.
1280 4525 1426 4580 Fieri
1461 4539 1683 4594 quoque
1720 4521 1915 4592 potuit,
1959 4527 2021 4576 ut
2056 4522 2197 4575 duae
2232 4521 2533 4588 scripturae
2593 4520 2650 4571 in

943 4153 994 4160 -α
