3125 5209
1239 436 1290 442 --
1348 354 1477 441 ἐξ)

181 510 374 575 telae
419 510 513 573 ita
559 511 1002 589 comparatae,
1073 510 1148 570 ut
1191 506 1379 571 facile
1423 525 1643 570 errore
1688 509 1887 587 atque
1948 506 2359 589 neglegentia
2422 506 2670 571 librarii

184 638 314 682 eas
362 621 540 682 ortas
585 636 730 681 esse
775 619 1114 699 appareat.
1190 614 1514 697 Equidem
1559 614 1884 697 imprimis
1929 635 2043 679 eos
2088 616 2291 695 10003,
2342 616 2459 681 ubi
2506 616 2555 679 C
2603 616 2670 679 in

185 728 448 791 malam
511 730 765 809 partem
829 728 1060 789 contra
1120 725 1178 787 A
1242 728 1304 788 et
1357 725 1409 787 Β
1465 724 1620 787 facit
1686 723 2176 805 diligentissime
2220 728 2669 806 perscrutatus

185 837 455 900 nullum
497 836 840 915 vestigium
889 834 1191 898 consulto
1222 833 1552 897 admissae
1583 832 2129 916 interpolationiS,
2175 852 2375 914 quarn
2406 838 2667 913 vocant,

188 944 444 1008 inveni.
531 944 707 1022 Loci,
755 943 993 1025 quibus
1035 941 1310 1006 forsitan
1339 942 1623 1025 cuipiam
1655 941 1980 1005 dubitatio
2016 947 2381 1021 moveatur,
2417 945 2572 1005 sunt
2600 941 2669 1005 hi

619 1053 788 1136 (101,
837 1051 944 1134 26)
1099 1051 1215 1115 AB
1966 1051 2017 1116 C

643 1168 782 1239 101,
831 1167 908 1223 26
994 1160 1251 1243 putavit
1780 1162 2059 1242 putabat

641 1277 781 1349 103,
829 1276 906 1332 25
995 1270 1328 1334 accusavit
1778 1275 2119 1334 accusaret

632 1385 772 1457 105,
863 1386 897 1441 7
986 1400 1120 1443 non
1161 1384 1234 1442 01
1279 1380 1518 1461 opinor
1774 1399 1910 1443 non
1955 1383 2229 1461 utputo

640 1495 778 1567 108,
827 1495 907 1551 24
994 1488 1246 1570 agitant
1777 1488 2051 1569 agitavit

637 1604 777 1675 113,
866 1604 901 1659 2
988 1598 1185 1662 faciat
1767 1598 1983 1662 faciet.

207 1710 347 1773 Sed
419 1709 742 1773 eiusmodi
795 1707 1035 1771 menda
1093 1707 1275 1771 inviti
1342 1727 1575 1771 omnes
1638 1708 2045 1772 committere
2108 1709 2411 1774 solemus,
2499 1712 2666 1774 Nam

201 1818 585 1900 ubicunque
629 1817 832 1881 animi
876 1817 1148 1880 intentio
1194 1816 1536 1898 paululum
1593 1816 1979 1894 remittitur,
2040 1817 2226 1882 facile
2286 1819 2521 1884 similia
2572 1820 2661 1882 si-

196 1928 462 1991 milibus
507 1930 994 1990 commutamus
1030 1926 1102 2009 ¹).

363 2036 641 2117 Magnus
686 2035 954 2117 quidem
1002 2041 1099 2099 est
1143 2055 1454 2100 numerus
1503 2055 1732 2099 eorum
1780 2036 2110 2115 locorum,
2159 2037 2400 2119 quibus
2447 2038 2655 2102 codex

200 2146 254 2209 C
305 2145 560 2209 mendis
605 2145 968 2227 scripturae
1012 2144 1291 2220 laborat,
1337 2145 1544 2208 multo
1593 2148 1811 2207 autem
1861 2146 2076 2209 maior
2120 2165 2380 2210 summa
2414 2166 2665 2224 eorum,

196 2255 440 2336 quibus
513 2257 626 2318 aut
697 2254 878 2317 solus
939 2258 1052 2317 aut
1120 2273 1266 2316 cum
1335 2273 1469 2317 uno
1535 2274 1616 2317 ex
1659 2255 1890 2318 ceteris
1937 2255 2200 2319 duobus
2246 2257 2665 2319 consentiens

197 2382 422 2426 veram
471 2364 861 2444 scripturam
909 2362 1190 2425 exhibet.
1281 2362 1580 2438 Quarum
1634 2362 1989 2428 lectionum
2052 2383 2462 2446 quamquam
2520 2365 2663 2447 plu-

196 2472 405 2537 rimae
449 2472 715 2535 maioris
760 2471 1076 2535 momenti
1123 2490 1260 2534 non
1309 2476 1490 2545 sunt,
1536 2476 1758 2536 tamen
1804 2472 2162 2550 interdum,
2236 2474 2380 2552 ubi,
2445 2479 2665 2537 utrum

197 2582 254 2642 A
307 2600 392 2643 an
437 2579 489 2642 Β
535 2580 720 2661 sequi
766 2579 1146 2656 debeamuS,
1195 2580 1464 2642 dubium
1515 2587 1633 2655 est,
1680 2580 1922 2644 codicis
1974 2581 2023 2644 C
2068 2582 2433 2665 scripturas
2480 2584 2662 2646 auxi-

199 2689 360 2752 lium
407 2688 598 2751 nobis
643 2688 938 2754 attulisse
982 2708 1184 2769 supra
1230 2689 1525 2769 exposui.
1616 2689 1861 2752 Eorum
1891 2695 2111 2752 autem
2155 2691 2473 2772 locorum,
2521 2690 2666 2772 qui-

195 2798 324 2861 bus
366 2797 424 2859 A
471 2800 534 2860 et
574 2797 626 2859 Β
676 2797 966 2878 corrupti
1012 2801 1194 2872 sunt,
1241 2797 1573 2878 quinque,
1640 2802 1815 2860 certe
1865 2804 2007 2875 101,
2054 2805 2126 2875 23
2194 2805 2333 2877 104,
2385 2805 2667 2875 19—-203

195 2912 337 2983 108,
387 2912 670 2981 13—143
723 2913 859 2984 110,
908 2909 1155 2988 23s111.
1197 2914 1266 2982 13
1315 2912 1414 2983 90,
1461 2914 1519 2983 2,
1568 2908 1659 2969 ita
1706 2911 1859 2970 sunt
1890 2909 2273 2989 comparati,
2319 2913 2391 2971 ut
2423 2908 2668 2973 librarii

193 3016 576 3080 coniectura
621 3016 863 3078 codicis
911 3016 960 3078 C
1003 3015 1313 3078 lectiones
1358 3034 1550 3078 verae
1594 3020 1779 3079 ortae
1826 3035 1969 3079 esse
2014 3037 2147 3080 non
2194 3017 2558 3081 videantur.

409 3262 446 3324 ¹)
483 3260 746 3312 Diversae
781 3260 1030 3312 codicum
1066 3259 1331 3313 lectiones
1365 3276 1415 3327 p.
1452 3276 1503 3327 p.

671 3352 752 3416 90,
789 3354 960 3415 2⁴5s91‚
1002 3355 1026 3405 1
1099 3353 1198 3419 (A:
1234 3352 1376 3405 vidis
1444 3352 1516 3405 B:
1554 3352 1715 3405 video
1788 3353 1857 3405 C:
1900 3352 2031 3420 vidi)

670 3446 752 3508 92,
791 3445 962 3509 28s93‚
1004 3447 1028 3497 1
1103 3445 1199 3511 (A:
1260 3445 1475 3499 videtur
1523 3446 1729 3499 habere
1776 3445 2127 3513 philosophia

1124 3538 1196 3591 B:
1251 3525 1328 3591 ht.
1365 3554 1423 3591 re
1459 3538 1590 3605 phil.

1130 3632 1194 3684 C:
1249 3632 1416 3685 habet
1448 3630 1823 3699 philosophia)

845 3722 926 3787 93,
961 3724 1025 3777 27
1097 3723 1192 3789 (A:
1244 3723 1597 3791 philosophia
1632 3739 1892 3777 manasse

1122 3816 1195 3868 B:
1243 3815 1599 3883 philosophia
1634 3815 1745 3867 iam
1782 3832 1930 3869 man.

1123 3909 1193 3961 C:
1233 3908 1585 3976 philosophia
1620 3907 1931 3975 emanasse)

817 4003 927 4067 104,
967 4003 1033 4055 22
1103 4002 1199 4069 (A:
1250 4003 1318 4055 ad
1354 4002 1709 4069 magistratus
1747 4002 1940 4056 educta

1125 4095 1192 4147 B:
1246 4095 1312 4147 ad
1350 4094 1733 4161 magistratum
1772 4096 1999 4148 seducta

1118 4188 1184 4241 C:
1238 4188 1308 4240 ad
1346 4187 1731 4256 magistratum
1769 4187 2021 4253 deducta)

195 4294 266 4333 00
303 4276 536 4332 fortasse
573 4284 723 4331 ortae
759 4283 905 4343 sunt,
961 4280 1107 4346 quod
1145 4295 1286 4347 quae
1322 4279 1529 4333 librarii
1572 4280 1628 4333 in
1665 4281 1959 4348 archetypo
1994 4281 2134 4334 bene
2170 4280 2349 4347 legere
2396 4296 2509 4333 non
2546 4285 2663 4347 pot-

195 4375 360 4424 erant
395 4386 462 4423 ex
499 4387 598 4423 suo
633 4370 868 4438 quisque
922 4371 1150 4424 arbitrio
1211 4371 1570 4425 exscribebat.
1640 4372 1789 4425 Licet
1848 4372 2014 4440 igitur
2075 4388 2139 4423 ex
2200 4370 2469 4424 eiusmodi
2527 4370 2663 4424 locis

199 4468 466 4531 appareat
503 4461 706 4515 codicis
741 4462 782 4515 C
818 4462 1108 4516 librarium
1144 4462 1381 4531 peritum
1419 4464 1588 4516 fuisse
1624 4463 1848 4531 linguae
1882 4463 2129 4527 Latinae,
2189 4468 2374 4515 tamen
2412 4463 2663 4516 consulto

201 4554 296 4608 ille
331 4553 786 4624 interpolationes
822 4555 1111 4608 admisisse
1149 4556 1285 4609 mihi
1322 4572 1435 4609 non
1469 4556 1702 4610 videtur.
