<?xml version="1.0" encoding="UTF-8"?>
<!DOCTYPE html PUBLIC "-//W3C//DTD XHTML 1.0 Transitional//EN"
    "http://www.w3.org/TR/xhtml1/DTD/xhtml1-transitional.dtd">
<html xmlns="http://www.w3.org/1999/xhtml" xml:lang="en" lang="en">
 <head>
  <title>
</title>
<meta http-equiv="Content-Type" content="text/html;charset=utf-8" />
  <meta name='ocr-system' content='tesseract 3.04.00' />
  <meta name='ocr-capabilities' content='ocr_page ocr_carea ocr_par ocr_line ocrx_word'/>
</head>
<body>
  <div class='ocr_page' id='page_1' title='image "./deminoribusquae00fleigoog_0012.png"; bbox 0 0 3125 5209; ppageno 0'>
   <div class='ocr_carea' id='block_1_1' title="bbox 1694 396 1764 452">
    <p class='ocr_par' dir='ltr' id='par_1_1' title="bbox 1694 396 1764 452">
     <span class='ocr_line' id='line_1_1' title="bbox 1694 396 1764 452; baseline -0.029 0"><span class='ocrx_word' id='word_1_1' title='bbox 1694 396 1764 452; x_wconf 84' lang='lat'><strong>10</strong></span> 
     </span>
    </p>
   </div>
   <div class='ocr_carea' id='block_1_2' title="bbox 1533 474 1929 484">
    <p class='ocr_par' dir='ltr' id='par_1_2' title="bbox 1533 474 1929 484">
     <span class='ocr_line' id='line_1_2' title="bbox 1533 474 1929 484; baseline 0 4725"><span class='ocrx_word' id='word_1_2' title='bbox 1533 474 1929 484; x_wconf 95' lang='lat' dir='ltr'><strong> </strong></span> 
     </span>
    </p>
   </div>
   <div class='ocr_carea' id='block_1_3' title="bbox 482 533 2960 4123">
    <p class='ocr_par' dir='ltr' id='par_1_3' title="bbox 491 533 2954 736">
     <span class='ocr_line' id='line_1_3' title="bbox 501 533 2954 628; baseline 0.001 -20"><span class='ocrx_word' id='word_1_3' title='bbox 501 543 720 608; x_wconf 91' lang='lat' dir='ltr'><strong>nimus</strong></span> <span class='ocrx_word' id='word_1_4' title='bbox 765 543 918 610; x_wconf 91' lang='lat' dir='ltr'><strong>inst.</strong></span> <span class='ocrx_word' id='word_1_5' title='bbox 961 533 1127 610; x_wconf 80' lang='lat' dir='ltr'><strong>orat.</strong></span> <span class='ocrx_word' id='word_1_6' title='bbox 1174 544 1355 624; x_wconf 88' lang='lat' dir='ltr'><strong>liber,</strong></span> <span class='ocrx_word' id='word_1_7' title='bbox 1400 544 1675 610; x_wconf 86' lang='lat' dir='ltr'><strong>alterum</strong></span> <span class='ocrx_word' id='word_1_8' title='bbox 1742 545 1943 610; x_wconf 90' lang='lat' dir='ltr'><strong>totius</strong></span> <span class='ocrx_word' id='word_1_9' title='bbox 2015 545 2312 628; x_wconf 89' lang='lat' dir='ltr'><strong>corporis</strong></span> <span class='ocrx_word' id='word_1_10' title='bbox 2382 545 2533 611; x_wconf 93' lang='lat' dir='ltr'><strong>inst.</strong></span> <span class='ocrx_word' id='word_1_11' title='bbox 2607 548 2770 610; x_wconf 92' lang='lat' dir='ltr'><strong>orat.</strong></span> <span class='ocrx_word' id='word_1_12' title='bbox 2816 565 2954 610; x_wconf 92' lang='lat' dir='ltr'><strong>am-</strong></span> 
     </span>
     <span class='ocr_line' id='line_1_4' title="bbox 491 651 1187 736; baseline 0.001 -21"><span class='ocrx_word' id='word_1_13' title='bbox 491 651 796 734; x_wconf 91' lang='lat' dir='ltr'><strong>plitudini</strong></span> <span class='ocrx_word' id='word_1_14' title='bbox 855 657 1187 736; x_wconf 87' lang='lat' dir='ltr'><strong>aequaret</strong></span> 
     </span>
    </p>

    <p class='ocr_par' dir='ltr' id='par_1_4' title="bbox 495 762 2952 936">
     <span class='ocr_line' id='line_1_5' title="bbox 661 762 2952 845; baseline 0 -19"><span class='ocrx_word' id='word_1_15' title='bbox 661 763 791 827; x_wconf 86' lang='lat' dir='ltr'><strong>Sed</strong></span> <span class='ocrx_word' id='word_1_16' title='bbox 836 762 999 826; x_wconf 87' lang='lat' dir='ltr'><strong>haec</strong></span> <span class='ocrx_word' id='word_1_17' title='bbox 1041 763 1403 840; x_wconf 86' lang='lat' dir='ltr'><strong>hactenus;</strong></span> <span class='ocrx_word' id='word_1_18' title='bbox 1450 762 1715 827; x_wconf 88' lang='lat' dir='ltr'><strong>confido</strong></span> <span class='ocrx_word' id='word_1_19' title='bbox 1762 762 1935 826; x_wconf 92' lang='lat' dir='ltr'><strong>enim</strong></span> <span class='ocrx_word' id='word_1_20' title='bbox 1983 762 2131 830; x_wconf 87' lang='lat' dir='ltr'><strong>inst.</strong></span> <span class='ocrx_word' id='word_1_21' title='bbox 2179 767 2363 841; x_wconf 65' lang='lat' dir='ltr'><strong>orat„</strong></span> <span class='ocrx_word' id='word_1_22' title='bbox 2393 782 2563 845; x_wconf 89' lang='lat' dir='ltr'><strong>quos</strong></span> <span class='ocrx_word' id='word_1_23' title='bbox 2593 763 2750 838; x_wconf 86' lang='lat' dir='ltr'>dixi,</span> <span class='ocrx_word' id='word_1_24' title='bbox 2795 762 2952 827; x_wconf 91' lang='lat' dir='ltr'><strong>locis</strong></span> 
     </span>
     <span class='ocr_line' id='line_1_6' title="bbox 495 869 2454 954; baseline 0.001 -21"><span class='ocrx_word' id='word_1_25' title='bbox 495 869 730 934; x_wconf 88' lang='lat' dir='ltr'><strong>harum</strong></span> <span class='ocrx_word' id='word_1_26' title='bbox 779 870 1334 936; x_wconf 85' lang='lat' dir='ltr'><strong>declamationum</strong></span> <span class='ocrx_word' id='word_1_27' title='bbox 1378 871 1779 936; x_wconf 84' lang='lat' dir='ltr'>mentionem</span> <span class='ocrx_word' id='word_1_28' title='bbox 1823 871 2067 936; x_wconf 87' lang='lat' dir='ltr'><strong>factam</strong></span> <span class='ocrx_word' id='word_1_29' title='bbox 2110 891 2244 936; x_wconf 93' lang='lat' dir='ltr'><strong>non</strong></span> <span class='ocrx_word' id='word_1_30' title='bbox 2288 890 2454 954; x_wconf 87' lang='lat' dir='ltr'><strong>esse.</strong></span> 
     </span>
    </p>

    <p class='ocr_par' dir='ltr' id='par_1_5' title="bbox 490 963 2960 1941">
     <span class='ocr_line' id='line_1_7' title="bbox 661 963 2957 1063; baseline 0 -19"><span class='ocrx_word' id='word_1_31' title='bbox 661 980 800 1044; x_wconf 90' lang='lat' dir='ltr'><strong>Iam</strong></span> <span class='ocrx_word' id='word_1_32' title='bbox 845 999 999 1044; x_wconf 85' lang='lat' dir='ltr'><strong>vero</strong></span> <span class='ocrx_word' id='word_1_33' title='bbox 1045 999 1196 1044; x_wconf 92' lang='lat' dir='ltr'><strong>cum</strong></span> <span class='ocrx_word' id='word_1_34' title='bbox 1243 980 1685 1058; x_wconf 83' lang='lat' dir='ltr'><strong>Quintilianus</strong></span> <span class='ocrx_word' id='word_1_35' title='bbox 1730 963 1813 1044; x_wconf 80' lang='lat' dir='ltr'><strong>ne</strong></span> <span class='ocrx_word' id='word_1_36' title='bbox 1859 981 1989 1045; x_wconf 93' lang='lat' dir='ltr'><strong>ullo</strong></span> <span class='ocrx_word' id='word_1_37' title='bbox 2036 981 2166 1046; x_wconf 92' lang='lat' dir='ltr'><strong>alio</strong></span> <span class='ocrx_word' id='word_1_38' title='bbox 2239 981 2511 1063; x_wconf 90' lang='lat' dir='ltr'><strong>quidem</strong></span> <span class='ocrx_word' id='word_1_39' title='bbox 2571 981 2722 1047; x_wconf 88' lang='lat' dir='ltr'><strong>inst.</strong></span> <span class='ocrx_word' id='word_1_40' title='bbox 2795 987 2957 1046; x_wconf 88' lang='lat' dir='ltr'><strong>orat.</strong></span> 
     </span>
     <span class='ocr_line' id='line_1_8' title="bbox 493 1089 2958 1172; baseline 0 -18"><span class='ocrx_word' id='word_1_41' title='bbox 493 1090 644 1154; x_wconf 93' lang='lat' dir='ltr'><strong>loco</strong></span> <span class='ocrx_word' id='word_1_42' title='bbox 691 1109 762 1154; x_wconf 92' lang='lat' dir='ltr'><strong>se</strong></span> <span class='ocrx_word' id='word_1_43' title='bbox 809 1089 1324 1155; x_wconf 81' lang='lat' dir='ltr'><strong>declamationes</strong></span> <span class='ocrx_word' id='word_1_44' title='bbox 1372 1095 1487 1154; x_wconf 92' lang='lat' dir='ltr'><strong>aut</strong></span> <span class='ocrx_word' id='word_1_45' title='bbox 1532 1090 2008 1172; x_wconf 83' lang='lat' dir='ltr'><strong>conscripsisse</strong></span> <span class='ocrx_word' id='word_1_46' title='bbox 2054 1095 2168 1154; x_wconf 89' lang='lat' dir='ltr'><strong>aut</strong></span> <span class='ocrx_word' id='word_1_47' title='bbox 2214 1090 2497 1155; x_wconf 89' lang='lat' dir='ltr'><strong>edidisse</strong></span> <span class='ocrx_word' id='word_1_48' title='bbox 2541 1090 2737 1170; x_wconf 90' lang='lat' dir='ltr'><strong>dicat,</strong></span> <span class='ocrx_word' id='word_1_49' title='bbox 2793 1092 2958 1155; x_wconf 91' lang='lat' dir='ltr'><strong>Tra-</strong></span> 
     </span>
     <span class='ocr_line' id='line_1_9' title="bbox 492 1199 2959 1283; baseline 0 -20"><span class='ocrx_word' id='word_1_50' title='bbox 492 1199 806 1263; x_wconf 88' lang='lat' dir='ltr'><strong>bandtius</strong></span> <span class='ocrx_word' id='word_1_51' title='bbox 868 1200 1242 1264; x_wconf 82' lang='lat' dir='ltr'><strong>accuratius</strong></span> <span class='ocrx_word' id='word_1_52' title='bbox 1303 1199 1592 1283; x_wconf 77' lang='lat' dir='ltr'><strong>inquirit,</strong></span> <span class='ocrx_word' id='word_1_53' title='bbox 1658 1219 1818 1264; x_wconf 89' lang='lat' dir='ltr'><strong>num</strong></span> <span class='ocrx_word' id='word_1_54' title='bbox 1892 1199 2162 1264; x_wconf 89' lang='lat' dir='ltr'><strong>omnino</strong></span> <span class='ocrx_word' id='word_1_55' title='bbox 2236 1199 2323 1264; x_wconf 91' lang='lat' dir='ltr'><strong>ibi</strong></span> <span class='ocrx_word' id='word_1_56' title='bbox 2394 1219 2507 1264; x_wconf 90' lang='lat' dir='ltr'><strong>eas</strong></span> <span class='ocrx_word' id='word_1_57' title='bbox 2553 1219 2959 1265; x_wconf 90' lang='lat' dir='ltr'><strong>commemo-</strong></span> 
     </span>
     <span class='ocr_line' id='line_1_10' title="bbox 491 1307 2955 1396; baseline 0.001 -24"><span class='ocrx_word' id='word_1_58' title='bbox 491 1307 682 1373; x_wconf 92' lang='lat' dir='ltr'><strong>randi</strong></span> <span class='ocrx_word' id='word_1_59' title='bbox 729 1308 989 1373; x_wconf 84' lang='lat' dir='ltr'><strong>occasio</strong></span> <span class='ocrx_word' id='word_1_60' title='bbox 1055 1309 1459 1396; x_wconf 81' lang='lat' dir='ltr'><strong>Quintiliano</strong></span> <span class='ocrx_word' id='word_1_61' title='bbox 1533 1309 1744 1374; x_wconf 87' lang='lat' dir='ltr'><strong>fuerit.</strong></span> <span class='ocrx_word' id='word_1_62' title='bbox 1835 1309 2050 1387; x_wconf 90' lang='lat' dir='ltr'><strong>Quam</strong></span> <span class='ocrx_word' id='word_1_63' title='bbox 2110 1309 2375 1390; x_wconf 89' lang='lat' dir='ltr'><strong>saepius</strong></span> <span class='ocrx_word' id='word_1_64' title='bbox 2445 1309 2501 1374; x_wconf 89' lang='lat' dir='ltr'><strong>ei</strong></span> <span class='ocrx_word' id='word_1_65' title='bbox 2564 1310 2767 1374; x_wconf 87' lang='lat' dir='ltr'><strong>fuisse</strong></span> <span class='ocrx_word' id='word_1_66' title='bbox 2837 1331 2955 1393; x_wconf 91' lang='lat' dir='ltr'><strong>pro</strong></span> 
     </span>
     <span class='ocr_line' id='line_1_11' title="bbox 490 1416 2951 1500; baseline 0.001 -20"><span class='ocrx_word' id='word_1_67' title='bbox 490 1436 647 1482; x_wconf 87' lang='lat' dir='ltr'><strong>vero</strong></span> <span class='ocrx_word' id='word_1_68' title='bbox 695 1417 1000 1483; x_wconf 84' lang='lat' dir='ltr'><strong>ostendit.</strong></span> <span class='ocrx_word' id='word_1_69' title='bbox 1089 1416 1330 1496; x_wconf 84' lang='lat' dir='ltr'><strong>Quare,</strong></span> <span class='ocrx_word' id='word_1_70' title='bbox 1376 1438 1521 1483; x_wconf 91' lang='lat' dir='ltr'><strong>cum</strong></span> <span class='ocrx_word' id='word_1_71' title='bbox 1574 1417 2071 1496; x_wconf 88' lang='lat' dir='ltr'><strong>Quintilianum,</strong></span> <span class='ocrx_word' id='word_1_72' title='bbox 2118 1418 2172 1482; x_wconf 92' lang='lat' dir='ltr'><strong>si</strong></span> <span class='ocrx_word' id='word_1_73' title='bbox 2218 1423 2573 1500; x_wconf 87' lang='lat' dir='ltr'><strong>utrumque</strong></span> <span class='ocrx_word' id='word_1_74' title='bbox 2603 1439 2771 1500; x_wconf 85' lang='lat' dir='ltr'><strong>opus</strong></span> <span class='ocrx_word' id='word_1_75' title='bbox 2793 1439 2951 1483; x_wconf 92' lang='lat' dir='ltr'><strong>con-</strong></span> 
     </span>
     <span class='ocr_line' id='line_1_12' title="bbox 493 1526 2957 1610; baseline 0 -18"><span class='ocrx_word' id='word_1_76' title='bbox 493 1526 884 1610; x_wconf 81' lang='lat' dir='ltr'><strong>scripsisset,</strong></span> <span class='ocrx_word' id='word_1_77' title='bbox 929 1528 993 1591; x_wconf 91' lang='lat' dir='ltr'><strong>in</strong></span> <span class='ocrx_word' id='word_1_78' title='bbox 1042 1528 1247 1593; x_wconf 90' lang='lat' dir='ltr'><strong>altero</strong></span> <span class='ocrx_word' id='word_1_79' title='bbox 1303 1528 1572 1592; x_wconf 90' lang='lat' dir='ltr'><strong>alterius</strong></span> <span class='ocrx_word' id='word_1_80' title='bbox 1618 1528 2019 1592; x_wconf 83' lang='lat' dir='ltr'><strong>mentionem</strong></span> <span class='ocrx_word' id='word_1_81' title='bbox 2082 1529 2407 1593; x_wconf 89' lang='lat' dir='ltr'><strong>facturum</strong></span> <span class='ocrx_word' id='word_1_82' title='bbox 2469 1528 2671 1592; x_wconf 81' lang='lat' dir='ltr'><strong>fuisse</strong></span> <span class='ocrx_word' id='word_1_83' title='bbox 2730 1529 2957 1592; x_wconf 86' lang='lat' dir='ltr'><strong>verisi-</strong></span> 
     </span>
     <span class='ocr_line' id='line_1_13' title="bbox 493 1636 2952 1720; baseline 0 -20"><span class='ocrx_word' id='word_1_84' title='bbox 493 1636 646 1701; x_wconf 87' lang='lat' dir='ltr'><strong>mile</strong></span> <span class='ocrx_word' id='word_1_85' title='bbox 689 1637 792 1715; x_wconf 68' lang='lat' dir='ltr'><strong>sit,</strong></span> <span class='ocrx_word' id='word_1_86' title='bbox 839 1637 1286 1702; x_wconf 88' lang='lat' dir='ltr'><strong>Trabandtius</strong></span> <span class='ocrx_word' id='word_1_87' title='bbox 1331 1657 1453 1702; x_wconf 90' lang='lat' dir='ltr'><strong>suo</strong></span> <span class='ocrx_word' id='word_1_88' title='bbox 1499 1638 1639 1702; x_wconf 91' lang='lat' dir='ltr'><strong>iure</strong></span> <span class='ocrx_word' id='word_1_89' title='bbox 1684 1636 1845 1700; x_wconf 91' lang='lat' dir='ltr'><strong>mihi</strong></span> <span class='ocrx_word' id='word_1_90' title='bbox 1890 1638 2287 1702; x_wconf 80' lang='lat' dir='ltr'><strong>contendere</strong></span> <span class='ocrx_word' id='word_1_91' title='bbox 2313 1638 2570 1702; x_wconf 89' lang='lat' dir='ltr'><strong>videtur</strong></span> <span class='ocrx_word' id='word_1_92' title='bbox 2594 1637 2681 1720; x_wconf 89' lang='lat'><strong>¹):</strong></span> <span class='ocrx_word' id='word_1_93' title='bbox 2731 1637 2952 1718; x_wconf 80' lang='lat' dir='ltr'><strong>,Quin-</strong></span> 
     </span>
     <span class='ocr_line' id='line_1_14' title="bbox 495 1746 2960 1831; baseline 0.001 -22"><span class='ocrx_word' id='word_1_94' title='bbox 495 1746 796 1810; x_wconf 83' lang='lat' dir='ltr'><strong>tilianum</strong></span> <span class='ocrx_word' id='word_1_95' title='bbox 842 1747 1212 1811; x_wconf 80' lang='lat' dir='ltr'><strong>scribentem</strong></span> <span class='ocrx_word' id='word_1_96' title='bbox 1255 1749 1403 1811; x_wconf 80' lang='lat' dir='ltr'><strong>inst.</strong></span> <span class='ocrx_word' id='word_1_97' title='bbox 1452 1754 1613 1811; x_wconf 87' lang='lat' dir='ltr'><strong>orat.</strong></span> <span class='ocrx_word' id='word_1_98' title='bbox 1662 1747 2155 1813; x_wconf 72' lang='lat' dir='ltr'><strong>declamationes</strong></span> <span class='ocrx_word' id='word_1_99' title='bbox 2198 1749 2407 1831; x_wconf 78' lang='lat' dir='ltr'><strong>ipsius</strong></span> <span class='ocrx_word' id='word_1_100' title='bbox 2447 1769 2573 1811; x_wconf 84' lang='lat' dir='ltr'><strong>non</strong></span> <span class='ocrx_word' id='word_1_101' title='bbox 2626 1754 2774 1811; x_wconf 90' lang='lat' dir='ltr'><strong>ante</strong></span> <span class='ocrx_word' id='word_1_102' title='bbox 2816 1769 2960 1811; x_wconf 87' lang='lat' dir='ltr'><strong>ocu-</strong></span> 
     </span>
     <span class='ocr_line' id='line_1_15' title="bbox 495 1855 2201 1941; baseline 0.001 -23"><span class='ocrx_word' id='word_1_103' title='bbox 495 1855 588 1919; x_wconf 87' lang='lat' dir='ltr'><strong>los</strong></span> <span class='ocrx_word' id='word_1_104' title='bbox 631 1855 946 1934; x_wconf 80' lang='lat' dir='ltr'><strong>hab-uisse,</strong></span> <span class='ocrx_word' id='word_1_105' title='bbox 992 1856 1220 1941; x_wconf 83' lang='lat' dir='ltr'><strong>quibus</strong></span> <span class='ocrx_word' id='word_1_106' title='bbox 1261 1857 1329 1919; x_wconf 87' lang='lat' dir='ltr'><strong>in</strong></span> <span class='ocrx_word' id='word_1_107' title='bbox 1362 1856 1830 1941; x_wconf 78' lang='lat' dir='ltr'><strong>praecipiendo</strong></span> <span class='ocrx_word' id='word_1_108' title='bbox 1874 1858 2201 1920; x_wconf 65' lang='lat' dir='ltr'><strong>uteretur!</strong></span> 
     </span>
    </p>

    <p class='ocr_par' dir='ltr' id='par_1_6' title="bbox 482 1964 2959 3580">
     <span class='ocr_line' id='line_1_16' title="bbox 658 1964 2959 2048; baseline -0 -18"><span class='ocrx_word' id='word_1_109' title='bbox 658 1964 911 2042; x_wconf 87' lang='lat' dir='ltr'><strong>Quodsi</strong></span> <span class='ocrx_word' id='word_1_110' title='bbox 957 1965 1156 2046; x_wconf 88' lang='lat' dir='ltr'><strong>paulo</strong></span> <span class='ocrx_word' id='word_1_111' title='bbox 1203 1970 1357 2030; x_wconf 90' lang='lat' dir='ltr'><strong>ante</strong></span> <span class='ocrx_word' id='word_1_112' title='bbox 1389 1965 1440 2048; x_wconf 78' lang='lat'><strong>²)</strong></span> <span class='ocrx_word' id='word_1_113' title='bbox 1486 1966 1762 2030; x_wconf 90' lang='lat' dir='ltr'><strong>eandem</strong></span> <span class='ocrx_word' id='word_1_114' title='bbox 1836 1965 1921 2029; x_wconf 94' lang='lat' dir='ltr'><strong>ob</strong></span> <span class='ocrx_word' id='word_1_115' title='bbox 2012 1985 2279 2029; x_wconf 91' lang='lat' dir='ltr'><strong>causam</strong></span> <span class='ocrx_word' id='word_1_116' title='bbox 2357 1965 2559 2028; x_wconf 89' lang='lat' dir='ltr'><strong>ullum</strong></span> <span class='ocrx_word' id='word_1_117' title='bbox 2625 1965 2959 2029; x_wconf 86' lang='lat' dir='ltr'><strong>vinculum</strong></span> 
     </span>
     <span class='ocr_line' id='line_1_17' title="bbox 490 2073 2955 2157; baseline 0 -19"><span class='ocrx_word' id='word_1_118' title='bbox 490 2073 902 2155; x_wconf 84' lang='lat' dir='ltr'><strong>cognationis</strong></span> <span class='ocrx_word' id='word_1_119' title='bbox 948 2073 1115 2138; x_wconf 88' lang='lat' dir='ltr'><strong>inter</strong></span> <span class='ocrx_word' id='word_1_120' title='bbox 1157 2074 1500 2157; x_wconf 90' lang='lat' dir='ltr'><strong>utriusque</strong></span> <span class='ocrx_word' id='word_1_121' title='bbox 1566 2073 1785 2157; x_wconf 87' lang='lat' dir='ltr'><strong>operis</strong></span> <span class='ocrx_word' id='word_1_122' title='bbox 1848 2074 2199 2156; x_wconf 87' lang='lat' dir='ltr'><strong>scriptores</strong></span> <span class='ocrx_word' id='word_1_123' title='bbox 2266 2073 2666 2139; x_wconf 87' lang='lat' dir='ltr'><strong>intercedere</strong></span> <span class='ocrx_word' id='word_1_124' title='bbox 2736 2079 2955 2156; x_wconf 84' lang='lat' dir='ltr'><strong>negat,</strong></span> 
     </span>
     <span class='ocr_line' id='line_1_18' title="bbox 487 2165 2957 2267; baseline -0 -20"><span class='ocrx_word' id='word_1_125' title='bbox 487 2183 634 2264; x_wconf 91' lang='lat' dir='ltr'><strong>plus</strong></span> <span class='ocrx_word' id='word_1_126' title='bbox 676 2202 835 2246; x_wconf 86' lang='lat' dir='ltr'><strong>vero</strong></span> <span class='ocrx_word' id='word_1_127' title='bbox 882 2182 1238 2248; x_wconf 82' lang='lat' dir='ltr'><strong>contendit.</strong></span> <span class='ocrx_word' id='word_1_128' title='bbox 1327 2183 1494 2248; x_wconf 91' lang='lat' dir='ltr'><strong>Nam</strong></span> <span class='ocrx_word' id='word_1_129' title='bbox 1541 2202 1953 2266; x_wconf 87' lang='lat' dir='ltr'><strong>quamquam</strong></span> <span class='ocrx_word' id='word_1_130' title='bbox 1999 2183 2097 2262; x_wconf 87' lang='lat' dir='ltr'><strong>iis,</strong></span> <span class='ocrx_word' id='word_1_131' title='bbox 2164 2203 2333 2266; x_wconf 91' lang='lat' dir='ltr'><strong>quae</strong></span> <span class='ocrx_word' id='word_1_132' title='bbox 2377 2191 2577 2267; x_wconf 81' lang='lat' dir='ltr'><strong>s&#39;upra</strong></span> <span class='ocrx_word' id='word_1_133' title='bbox 2638 2165 2957 2262; x_wconf 41' lang='lat' dir='ltr'><strong>&#39;diximum</strong></span> 
     </span>
     <span class='ocr_line' id='line_1_19' title="bbox 487 2291 2959 2380; baseline -0 -23"><span class='ocrx_word' id='word_1_134' title='bbox 487 2293 979 2374; x_wconf 87' lang='lat' dir='ltr'><strong>com-probatur,</strong></span> <span class='ocrx_word' id='word_1_135' title='bbox 1026 2292 1508 2370; x_wconf 89' lang='lat' dir='ltr'><strong>Quintilianum</strong></span> <span class='ocrx_word' id='word_1_136' title='bbox 1551 2292 1767 2375; x_wconf 90' lang='lat' dir='ltr'><strong>ipsum</strong></span> <span class='ocrx_word' id='word_1_137' title='bbox 1816 2292 1938 2355; x_wconf 90' lang='lat' dir='ltr'><strong>has</strong></span> <span class='ocrx_word' id='word_1_138' title='bbox 1985 2291 2498 2380; x_wconf 79' lang='lat' dir='ltr'><strong>declamationes</strong></span> <span class='ocrx_word' id='word_1_139' title='bbox 2545 2310 2759 2374; x_wconf 88' lang='lat' dir='ltr'><strong>neque</strong></span> <span class='ocrx_word' id='word_1_140' title='bbox 2798 2312 2959 2356; x_wconf 92' lang='lat' dir='ltr'><strong>con-</strong></span> 
     </span>
     <span class='ocr_line' id='line_1_20' title="bbox 486 2399 2957 2483; baseline 0 -19"><span class='ocrx_word' id='word_1_141' title='bbox 486 2400 825 2482; x_wconf 86' lang='lat' dir='ltr'><strong>scripsisse</strong></span> <span class='ocrx_word' id='word_1_142' title='bbox 874 2421 1088 2483; x_wconf 90' lang='lat' dir='ltr'><strong>neque</strong></span> <span class='ocrx_word' id='word_1_143' title='bbox 1132 2401 1434 2479; x_wconf 87' lang='lat' dir='ltr'><strong>edidisse,</strong></span> <span class='ocrx_word' id='word_1_144' title='bbox 1477 2405 1702 2466; x_wconf 86' lang='lat' dir='ltr'><strong>tamen</strong></span> <span class='ocrx_word' id='word_1_145' title='bbox 1749 2420 1861 2465; x_wconf 90' lang='lat' dir='ltr'><strong>eas</strong></span> <span class='ocrx_word' id='word_1_146' title='bbox 1908 2401 1974 2465; x_wconf 93' lang='lat' dir='ltr'><strong>in</strong></span> <span class='ocrx_word' id='word_1_147' title='bbox 2021 2399 2403 2479; x_wconf 89' lang='lat' dir='ltr'><strong>Quintiliani</strong></span> <span class='ocrx_word' id='word_1_148' title='bbox 2472 2399 2700 2464; x_wconf 91' lang='lat' dir='ltr'><strong>schola</strong></span> <span class='ocrx_word' id='word_1_149' title='bbox 2776 2405 2957 2465; x_wconf 88' lang='lat' dir='ltr'><strong>ortas</strong></span> 
     </span>
     <span class='ocr_line' id='line_1_21' title="bbox 487 2510 2959 2592; baseline 0 -17"><span class='ocrx_word' id='word_1_150' title='bbox 487 2530 622 2575; x_wconf 94' lang='lat' dir='ltr'><strong>non</strong></span> <span class='ocrx_word' id='word_1_151' title='bbox 669 2531 813 2575; x_wconf 89' lang='lat' dir='ltr'><strong>esse</strong></span> <span class='ocrx_word' id='word_1_152' title='bbox 879 2531 999 2592; x_wconf 90' lang='lat' dir='ltr'><strong>pro</strong></span> <span class='ocrx_word' id='word_1_153' title='bbox 1046 2515 1223 2576; x_wconf 86' lang='lat' dir='ltr'><strong>certo</strong></span> <span class='ocrx_word' id='word_1_154' title='bbox 1269 2511 1665 2576; x_wconf 83' lang='lat' dir='ltr'><strong>contendere</strong></span> <span class='ocrx_word' id='word_1_155' title='bbox 1718 2511 1911 2575; x_wconf 89' lang='lat' dir='ltr'><strong>nobis</strong></span> <span class='ocrx_word' id='word_1_156' title='bbox 1975 2531 2106 2575; x_wconf 90' lang='lat' dir='ltr'><strong>non</strong></span> <span class='ocrx_word' id='word_1_157' title='bbox 2154 2510 2318 2574; x_wconf 88' lang='lat' dir='ltr'><strong>licet.</strong></span> <span class='ocrx_word' id='word_1_158' title='bbox 2434 2510 2713 2574; x_wconf 89' lang='lat' dir='ltr'><strong>Constat</strong></span> <span class='ocrx_word' id='word_1_159' title='bbox 2783 2510 2959 2575; x_wconf 89' lang='lat' dir='ltr'><strong>enim</strong></span> 
     </span>
     <span class='ocr_line' id='line_1_22' title="bbox 488 2619 2959 2699; baseline 0 -15"><span class='ocrx_word' id='word_1_160' title='bbox 488 2619 986 2699; x_wconf 89' lang='lat' dir='ltr'><strong>Quintilianum,</strong></span> <span class='ocrx_word' id='word_1_161' title='bbox 1033 2621 1154 2685; x_wconf 89' lang='lat' dir='ltr'><strong>etsi</strong></span> <span class='ocrx_word' id='word_1_162' title='bbox 1200 2621 1494 2686; x_wconf 87' lang='lat' dir='ltr'><strong>rhetores</strong></span> <span class='ocrx_word' id='word_1_163' title='bbox 1536 2621 1734 2685; x_wconf 88' lang='lat' dir='ltr'><strong>nimis</strong></span> <span class='ocrx_word' id='word_1_164' title='bbox 1795 2620 1858 2684; x_wconf 92' lang='lat' dir='ltr'><strong>in</strong></span> <span class='ocrx_word' id='word_1_165' title='bbox 1932 2619 2150 2684; x_wconf 78' lang='lat' dir='ltr'><strong>studio</strong></span> <span class='ocrx_word' id='word_1_166' title='bbox 2226 2619 2637 2684; x_wconf 88' lang='lat' dir='ltr'><strong>declamandi</strong></span> <span class='ocrx_word' id='word_1_167' title='bbox 2710 2621 2959 2685; x_wconf 88' lang='lat' dir='ltr'><strong>versari</strong></span> 
     </span>
     <span class='ocr_line' id='line_1_23' title="bbox 487 2728 2954 2814; baseline 0 -21"><span class='ocrx_word' id='word_1_168' title='bbox 487 2731 690 2796; x_wconf 90' lang='lat' dir='ltr'><strong>vetuit</strong></span> <span class='ocrx_word' id='word_1_169' title='bbox 711 2730 764 2814; x_wconf 69' lang='lat' dir='ltr'><strong>s)</strong></span> <span class='ocrx_word' id='word_1_170' title='bbox 809 2735 1030 2795; x_wconf 90' lang='lat' dir='ltr'><strong>tamen</strong></span> <span class='ocrx_word' id='word_1_171' title='bbox 1074 2731 1404 2798; x_wconf 88' lang='lat' dir='ltr'><strong>interdum</strong></span> <span class='ocrx_word' id='word_1_172' title='bbox 1448 2731 1516 2794; x_wconf 90' lang='lat' dir='ltr'><strong>in</strong></span> <span class='ocrx_word' id='word_1_173' title='bbox 1560 2729 1789 2795; x_wconf 88' lang='lat' dir='ltr'><strong>schola</strong></span> <span class='ocrx_word' id='word_1_174' title='bbox 1832 2729 1919 2793; x_wconf 90' lang='lat' dir='ltr'><strong>ad</strong></span> <span class='ocrx_word' id='word_1_175' title='bbox 1963 2733 2316 2812; x_wconf 90' lang='lat' dir='ltr'><strong>praecepta</strong></span> <span class='ocrx_word' id='word_1_176' title='bbox 2377 2728 2769 2794; x_wconf 87' lang='lat' dir='ltr'><strong>illustranda</strong></span> <span class='ocrx_word' id='word_1_177' title='bbox 2840 2730 2954 2795; x_wconf 89' lang='lat' dir='ltr'><strong>de-</strong></span> 
     </span>
     <span class='ocr_line' id='line_1_24' title="bbox 487 2839 2957 2921; baseline -0.001 -17"><span class='ocrx_word' id='word_1_178' title='bbox 487 2839 915 2904; x_wconf 87' lang='lat' dir='ltr'><strong>clamationes</strong></span> <span class='ocrx_word' id='word_1_179' title='bbox 962 2839 1290 2905; x_wconf 87' lang='lat' dir='ltr'><strong>habuisse.</strong></span> <span class='ocrx_word' id='word_1_180' title='bbox 1363 2839 1530 2904; x_wconf 90' lang='lat' dir='ltr'><strong>Dicit</strong></span> <span class='ocrx_word' id='word_1_181' title='bbox 1576 2840 1748 2904; x_wconf 90' lang='lat' dir='ltr'><strong>enim</strong></span> <span class='ocrx_word' id='word_1_182' title='bbox 1806 2839 1874 2904; x_wconf 91' lang='lat' dir='ltr'><strong>in</strong></span> <span class='ocrx_word' id='word_1_183' title='bbox 1918 2839 2066 2904; x_wconf 91' lang='lat' dir='ltr'><strong>inst.</strong></span> <span class='ocrx_word' id='word_1_184' title='bbox 2115 2844 2275 2905; x_wconf 88' lang='lat' dir='ltr'><strong>orat.</strong></span> <span class='ocrx_word' id='word_1_185' title='bbox 2322 2839 2455 2916; x_wconf 87' lang='lat' dir='ltr'><strong>VII,</strong></span> <span class='ocrx_word' id='word_1_186' title='bbox 2500 2846 2557 2920; x_wconf 89' lang='lat'><strong>3,</strong></span> <span class='ocrx_word' id='word_1_187' title='bbox 2588 2845 2695 2903; x_wconf 88' lang='lat'><strong>30:</strong></span> <span class='ocrx_word' id='word_1_188' title='bbox 2750 2839 2957 2921; x_wconf 86' lang='lat' dir='ltr'><strong>,Illud</strong></span> 
     </span>
     <span class='ocr_line' id='line_1_25' title="bbox 483 2948 2955 3035; baseline -0 -22"><span class='ocrx_word' id='word_1_189' title='bbox 483 2949 754 3013; x_wconf 87' lang='lat' dir='ltr'><strong>alter-um</strong></span> <span class='ocrx_word' id='word_1_190' title='bbox 793 2969 995 3034; x_wconf 76' lang='lat' dir='ltr'><strong>qenus</strong></span> <span class='ocrx_word' id='word_1_191' title='bbox 1039 2969 1161 3035; x_wconf 82' lang='lat' dir='ltr'><strong>quo</strong></span> <span class='ocrx_word' id='word_1_192' title='bbox 1221 2951 1307 3014; x_wconf 86' lang='lat' dir='ltr'><strong>sit</strong></span> <span class='ocrx_word' id='word_1_193' title='bbox 1379 2949 1791 3031; x_wconf 83' lang='lat' dir='ltr'><strong>manifestius</strong></span> <span class='ocrx_word' id='word_1_194' title='bbox 1864 2948 2371 3014; x_wconf 79' lang='lat' dir='ltr'><strong>adulescentibus</strong></span> <span class='ocrx_word' id='word_1_195' title='bbox 2442 2952 2598 3016; x_wconf 89' lang='lat' dir='ltr'><strong>meis</strong></span> <span class='ocrx_word' id='word_1_196' title='bbox 2644 2999 2659 3014; x_wconf 92' lang='lat'><strong>.</strong></span> <span class='ocrx_word' id='word_1_197' title='bbox 2711 2999 2724 3013; x_wconf 92' lang='lat'><strong>.</strong></span> <span class='ocrx_word' id='word_1_198' title='bbox 2772 2999 2788 3025; x_wconf 77' lang='lat'><strong>,</strong></span> <span class='ocrx_word' id='word_1_199' title='bbox 2834 2949 2955 3012; x_wconf 78' lang='lat' dir='ltr'><strong>hic</strong></span> 
     </span>
     <span class='ocr_line' id='line_1_26' title="bbox 482 3058 2949 3143; baseline 0 -23"><span class='ocrx_word' id='word_1_200' title='bbox 482 3079 725 3143; x_wconf 79' lang='lat' dir='ltr'><strong>quoque</strong></span> <span class='ocrx_word' id='word_1_201' title='bbox 787 3058 972 3140; x_wconf 83' lang='lat' dir='ltr'><strong>fictae</strong></span> <span class='ocrx_word' id='word_1_202' title='bbox 1030 3059 1490 3123; x_wconf 86' lang='lat' dir='ltr'><strong>controversiae</strong></span> <span class='ocrx_word' id='word_1_203' title='bbox 1558 3064 1713 3121; x_wconf 88' lang='lat' dir='ltr'><strong>utar</strong></span> <span class='ocrx_word' id='word_1_204' title='bbox 1777 3058 2081 3141; x_wconf 78' lang='lat' dir='ltr'><strong>exemplo‘</strong></span> <span class='ocrx_word' id='word_1_205' title='bbox 2152 3061 2217 3122; x_wconf 90' lang='lat' dir='ltr'><strong>et</strong></span> <span class='ocrx_word' id='word_1_206' title='bbox 2274 3058 2342 3122; x_wconf 91' lang='lat' dir='ltr'><strong>in</strong></span> <span class='ocrx_word' id='word_1_207' title='bbox 2409 3059 2555 3122; x_wconf 89' lang='lat' dir='ltr'><strong>inst.</strong></span> <span class='ocrx_word' id='word_1_208' title='bbox 2626 3064 2791 3122; x_wconf 87' lang='lat' dir='ltr'><strong>orat.</strong></span> <span class='ocrx_word' id='word_1_209' title='bbox 2838 3058 2949 3136; x_wconf 86' lang='lat' dir='ltr'><strong>XI,</strong></span> 
     </span>
     <span class='ocr_line' id='line_1_27' title="bbox 482 3167 2952 3253; baseline 0 -25"><span class='ocrx_word' id='word_1_210' title='bbox 482 3171 544 3244; x_wconf 87' lang='lat'><strong>2,</strong></span> <span class='ocrx_word' id='word_1_211' title='bbox 591 3172 669 3229; x_wconf 90' lang='lat'><strong>39</strong></span> <span class='ocrx_word' id='word_1_212' title='bbox 700 3189 725 3237; x_wconf 78' lang='lat' dir='ltr'><strong>t,</strong></span> <span class='ocrx_word' id='word_1_213' title='bbox 758 3167 966 3249; x_wconf 79' lang='lat' dir='ltr'><strong>,Quod</strong></span> <span class='ocrx_word' id='word_1_214' title='bbox 1009 3187 1184 3232; x_wconf 87' lang='lat' dir='ltr'><strong>meae</strong></span> <span class='ocrx_word' id='word_1_215' title='bbox 1228 3188 1472 3253; x_wconf 82' lang='lat' dir='ltr'><strong>quoque</strong></span> <span class='ocrx_word' id='word_1_216' title='bbox 1512 3168 1855 3230; x_wconf 85' lang='lat' dir='ltr'><strong>memoriae</strong></span> <span class='ocrx_word' id='word_1_217' title='bbox 1896 3167 2395 3230; x_wconf 81' lang='lat' dir='ltr'><strong>mediocritatem</strong></span> <span class='ocrx_word' id='word_1_218' title='bbox 2424 3167 2844 3253; x_wconf 80' lang='lat' dir='ltr'><strong>sequebatur,</strong></span> <span class='ocrx_word' id='word_1_219' title='bbox 2889 3168 2952 3230; x_wconf 85' lang='lat' dir='ltr'><strong>si</strong></span> 
     </span>
     <span class='ocr_line' id='line_1_28' title="bbox 487 3271 2948 3361; baseline 0 -23"><span class='ocrx_word' id='word_1_220' title='bbox 487 3275 747 3360; x_wconf 80' lang='lat' dir='ltr'><strong>quando</strong></span> <span class='ocrx_word' id='word_1_221' title='bbox 808 3271 1194 3340; x_wconf 72' lang='lat' dir='ltr'><strong>interventus</strong></span> <span class='ocrx_word' id='word_1_222' title='bbox 1264 3277 1647 3361; x_wconf 82' lang='lat' dir='ltr'><strong>aliquorum,</strong></span> <span class='ocrx_word' id='word_1_223' title='bbox 1739 3277 1851 3361; x_wconf 79' lang='lat' dir='ltr'><strong>qui</strong></span> <span class='ocrx_word' id='word_1_224' title='bbox 1931 3275 2099 3338; x_wconf 82' lang='lat' dir='ltr'><strong>hunc</strong></span> <span class='ocrx_word' id='word_1_225' title='bbox 2175 3276 2471 3344; x_wconf 80' lang='lat' dir='ltr'><strong>honorem</strong></span> <span class='ocrx_word' id='word_1_226' title='bbox 2532 3283 2948 3356; x_wconf 87' lang='lat' dir='ltr'><strong>mererentur,</strong></span> 
     </span>
     <span class='ocr_line' id='line_1_29' title="bbox 495 3362 2952 3470; baseline -0 -22"><span class='ocrx_word' id='word_1_227' title='bbox 495 3362 730 3450; x_wconf 78' lang='lat' dir='ltr'><strong>iterare</strong></span> <span class='ocrx_word' id='word_1_228' title='bbox 775 3385 1258 3450; x_wconf 86' lang='lat' dir='ltr'><strong>declamationis</strong></span> <span class='ocrx_word' id='word_1_229' title='bbox 1289 3393 1546 3470; x_wconf 80' lang='lat' dir='ltr'><strong>partem</strong></span> <span class='ocrx_word' id='word_1_230' title='bbox 1590 3385 1905 3469; x_wconf 76' lang='lat' dir='ltr'><strong>eoeqisset,</strong></span> <span class='ocrx_word' id='word_1_231' title='bbox 1948 3371 2077 3449; x_wconf 44' lang='lat' dir='ltr'><strong>nec*</strong></span> <span class='ocrx_word' id='word_1_232' title='bbox 2103 3391 2192 3449; x_wconf 89' lang='lat' dir='ltr'><strong>est</strong></span> <span class='ocrx_word' id='word_1_233' title='bbox 2234 3385 2563 3450; x_wconf 88' lang='lat' dir='ltr'><strong>mendacio</strong></span> <span class='ocrx_word' id='word_1_234' title='bbox 2599 3386 2791 3467; x_wconf 82' lang='lat' dir='ltr'><strong>locus,</strong></span> <span class='ocrx_word' id='word_1_235' title='bbox 2819 3385 2952 3449; x_wconf 85' lang='lat' dir='ltr'><strong>sal-</strong></span> 
     </span>
     <span class='ocr_line' id='line_1_30' title="bbox 498 3494 1344 3580; baseline 0.001 -23"><span class='ocrx_word' id='word_1_236' title='bbox 498 3496 592 3558; x_wconf 87' lang='lat' dir='ltr'><strong>vis</strong></span> <span class='ocrx_word' id='word_1_237' title='bbox 636 3497 749 3580; x_wconf 80' lang='lat' dir='ltr'><strong>qui</strong></span> <span class='ocrx_word' id='word_1_238' title='bbox 789 3494 1244 3576; x_wconf 79' lang='lat' dir='ltr'><strong>interfuerunt‘</strong></span> <span class='ocrx_word' id='word_1_239' title='bbox 1269 3498 1344 3574; x_wconf 85' lang='lat'><strong>⁴).</strong></span> 
     </span>
    </p>

    <p class='ocr_par' dir='ltr' id='par_1_7' title="bbox 484 3601 2960 4123">
     <span class='ocr_line' id='line_1_31' title="bbox 660 3601 2959 3690; baseline -0.001 -23"><span class='ocrx_word' id='word_1_240' title='bbox 660 3603 892 3685; x_wconf 85' lang='lat' dir='ltr'><strong>Itaque</strong></span> <span class='ocrx_word' id='word_1_241' title='bbox 945 3603 1110 3668; x_wconf 90' lang='lat' dir='ltr'><strong>fieri</strong></span> <span class='ocrx_word' id='word_1_242' title='bbox 1102 3603 1378 3690; x_wconf 91' lang='lat' dir='ltr'><strong>potuit,</strong></span> <span class='ocrx_word' id='word_1_243' title='bbox 1448 3608 1523 3666; x_wconf 87' lang='lat' dir='ltr'><strong>ut</strong></span> <span class='ocrx_word' id='word_1_244' title='bbox 1568 3601 2088 3666; x_wconf 88' lang='lat' dir='ltr'><strong>declamationes</strong></span> <span class='ocrx_word' id='word_1_245' title='bbox 2150 3601 2305 3665; x_wconf 90' lang='lat' dir='ltr'><strong>inde</strong></span> <span class='ocrx_word' id='word_1_246' title='bbox 2351 3601 2701 3680; x_wconf 88' lang='lat' dir='ltr'><strong>orirentur,</strong></span> <span class='ocrx_word' id='word_1_247' title='bbox 2773 3602 2959 3683; x_wconf 90' lang='lat' dir='ltr'><strong>quod</strong></span> 
     </span>
     <span class='ocr_line' id='line_1_32' title="bbox 492 3709 2958 3794; baseline -0.001 -19"><span class='ocrx_word' id='word_1_248' title='bbox 492 3711 850 3794; x_wconf 88' lang='lat' dir='ltr'><strong>discipulus</strong></span> <span class='ocrx_word' id='word_1_249' title='bbox 889 3711 1182 3794; x_wconf 89' lang='lat' dir='ltr'><strong>quidam,</strong></span> <span class='ocrx_word' id='word_1_250' title='bbox 1227 3731 1400 3794; x_wconf 87' lang='lat' dir='ltr'><strong>quae</strong></span> <span class='ocrx_word' id='word_1_251' title='bbox 1425 3715 1745 3793; x_wconf 89' lang='lat' dir='ltr'><strong>tempore,</strong></span> <span class='ocrx_word' id='word_1_252' title='bbox 1776 3731 1908 3792; x_wconf 89' lang='lat' dir='ltr'><strong>quo</strong></span> <span class='ocrx_word' id='word_1_253' title='bbox 1938 3710 2321 3788; x_wconf 89' lang='lat' dir='ltr'><strong>Quintiliani</strong></span> <span class='ocrx_word' id='word_1_254' title='bbox 2352 3709 2592 3774; x_wconf 91' lang='lat' dir='ltr'><strong>scholis</strong></span> <span class='ocrx_word' id='word_1_255' title='bbox 2620 3709 2958 3788; x_wconf 87' lang='lat' dir='ltr'><strong>intererat,</strong></span> 
     </span>
     <span class='ocr_line' id='line_1_33' title="bbox 485 3819 2955 3902; baseline -0.001 -17"><span class='ocrx_word' id='word_1_256' title='bbox 485 3821 570 3885; x_wconf 89' lang='lat' dir='ltr'><strong>ab</strong></span> <span class='ocrx_word' id='word_1_257' title='bbox 615 3821 723 3886; x_wconf 94' lang='lat' dir='ltr'><strong>illo</strong></span> <span class='ocrx_word' id='word_1_258' title='bbox 768 3822 1138 3886; x_wconf 90' lang='lat' dir='ltr'><strong>declamata</strong></span> <span class='ocrx_word' id='word_1_259' title='bbox 1183 3826 1388 3902; x_wconf 86' lang='lat' dir='ltr'><strong>erant,</strong></span> <span class='ocrx_word' id='word_1_260' title='bbox 1435 3820 1697 3900; x_wconf 84' lang='lat' dir='ltr'><strong>collegit</strong></span> <span class='ocrx_word' id='word_1_261' title='bbox 1740 3824 1805 3884; x_wconf 88' lang='lat' dir='ltr'><strong>et</strong></span> <span class='ocrx_word' id='word_1_262' title='bbox 1848 3822 2081 3900; x_wconf 90' lang='lat' dir='ltr'><strong>postea</strong></span> <span class='ocrx_word' id='word_1_263' title='bbox 2123 3819 2345 3883; x_wconf 88' lang='lat' dir='ltr'><strong>edidit.</strong></span> <span class='ocrx_word' id='word_1_264' title='bbox 2434 3819 2624 3884; x_wconf 92' lang='lat' dir='ltr'><strong>Dicat</strong></span> <span class='ocrx_word' id='word_1_265' title='bbox 2670 3819 2955 3884; x_wconf 86' lang='lat' dir='ltr'><strong>forsitan</strong></span> 
     </span>
     <span class='ocr_line' id='line_1_34' title="bbox 485 3928 2960 4012; baseline -0.001 -18"><span class='ocrx_word' id='word_1_266' title='bbox 485 3929 816 4012; x_wconf 90' lang='lat' dir='ltr'><strong>quispiam</strong></span> <span class='ocrx_word' id='word_1_267' title='bbox 874 3930 1142 3995; x_wconf 87' lang='lat' dir='ltr'><strong>obstare</strong></span> <span class='ocrx_word' id='word_1_268' title='bbox 1207 3930 1358 3995; x_wconf 91' lang='lat' dir='ltr'><strong>huic</strong></span> <span class='ocrx_word' id='word_1_269' title='bbox 1425 3929 1843 3994; x_wconf 87' lang='lat' dir='ltr'><strong>coniecturae</strong></span> <span class='ocrx_word' id='word_1_270' title='bbox 1905 3929 2184 3993; x_wconf 90' lang='lat' dir='ltr'><strong>eandem</strong></span> <span class='ocrx_word' id='word_1_271' title='bbox 2256 3928 2739 4007; x_wconf 85' lang='lat' dir='ltr'><strong>difficultatem,</strong></span> <span class='ocrx_word' id='word_1_272' title='bbox 2818 3947 2960 4010; x_wconf 88' lang='lat' dir='ltr'><strong>qua</strong></span> 
     </span>
     <span class='ocr_line' id='line_1_35' title="bbox 484 4037 2955 4123; baseline -0.001 -20"><span class='ocrx_word' id='word_1_273' title='bbox 484 4059 689 4123; x_wconf 86' lang='lat' dir='ltr'><strong>supra</strong></span> <span class='ocrx_word' id='word_1_274' title='bbox 741 4040 977 4105; x_wconf 88' lang='lat' dir='ltr'><strong>Ritteri</strong></span> <span class='ocrx_word' id='word_1_275' title='bbox 1018 4040 1411 4106; x_wconf 88' lang='lat' dir='ltr'><strong>sententiam</strong></span> <span class='ocrx_word' id='word_1_276' title='bbox 1472 4037 1733 4120; x_wconf 83' lang='lat' dir='ltr'><strong>infringi</strong></span> <span class='ocrx_word' id='word_1_277' title='bbox 1778 4038 2219 4115; x_wconf 81' lang='lat' dir='ltr'><strong>ostendimuS,</strong></span> <span class='ocrx_word' id='word_1_278' title='bbox 2274 4037 2421 4101; x_wconf 90' lang='lat' dir='ltr'><strong>dico</strong></span> <span class='ocrx_word' id='word_1_279' title='bbox 2468 4037 2785 4119; x_wconf 90' lang='lat' dir='ltr'><strong>temporis</strong></span> <span class='ocrx_word' id='word_1_280' title='bbox 2830 4057 2955 4101; x_wconf 93' lang='lat' dir='ltr'><strong>an-</strong></span> 
     </span>
    </p>
   </div>
   <div class='ocr_carea' id='block_1_4' title="bbox 686 4301 2534 4650">
    <p class='ocr_par' dir='ltr' id='par_1_8' title="bbox 687 4301 1186 4369">
     <span class='ocr_line' id='line_1_36' title="bbox 687 4301 1186 4369; baseline 0 -15"><span class='ocrx_word' id='word_1_281' title='bbox 687 4301 728 4367; x_wconf 79' lang='lat'><strong>¹)</strong></span> <span class='ocrx_word' id='word_1_282' title='bbox 765 4302 843 4354; x_wconf 89' lang='lat' dir='ltr'><strong>Cf.</strong></span> <span class='ocrx_word' id='word_1_283' title='bbox 879 4302 913 4355; x_wconf 95' lang='lat' dir='ltr'><strong>l.</strong></span> <span class='ocrx_word' id='word_1_284' title='bbox 945 4302 979 4355; x_wconf 92' lang='lat' dir='ltr'><strong>l.</strong></span> <span class='ocrx_word' id='word_1_285' title='bbox 1018 4319 1068 4369; x_wconf 90' lang='lat' dir='ltr'><strong>p.</strong></span> <span class='ocrx_word' id='word_1_286' title='bbox 1110 4301 1186 4354; x_wconf 94' lang='lat'><strong>10.</strong></span> 
     </span>
    </p>

    <p class='ocr_par' dir='ltr' id='par_1_9' title="bbox 687 4393 1158 4463">
     <span class='ocr_line' id='line_1_37' title="bbox 687 4393 1158 4463; baseline -0.013 -10"><span class='ocrx_word' id='word_1_287' title='bbox 687 4394 727 4454; x_wconf 64' lang='lat'><strong>¹)</strong></span> <span class='ocrx_word' id='word_1_288' title='bbox 765 4393 844 4448; x_wconf 83' lang='lat' dir='ltr'><strong>Cf.</strong></span> <span class='ocrx_word' id='word_1_289' title='bbox 879 4395 915 4448; x_wconf 92' lang='lat'><strong>1.</strong></span> <span class='ocrx_word' id='word_1_290' title='bbox 951 4396 986 4458; x_wconf 88' lang='lat' dir='ltr'><strong>l,</strong></span> <span class='ocrx_word' id='word_1_291' title='bbox 1022 4412 1074 4463; x_wconf 90' lang='lat' dir='ltr'><strong>p.</strong></span> <span class='ocrx_word' id='word_1_292' title='bbox 1110 4393 1158 4447; x_wconf 89' lang='lat'><strong>8.</strong></span> 
     </span>
    </p>

    <p class='ocr_par' dir='ltr' id='par_1_10' title="bbox 686 4483 2534 4650">
     <span class='ocr_line' id='line_1_38' title="bbox 691 4483 2534 4554; baseline -0.002 -14"><span class='ocrx_word' id='word_1_293' title='bbox 691 4488 730 4554; x_wconf 79' lang='lat'><strong>³)</strong></span> <span class='ocrx_word' id='word_1_294' title='bbox 766 4487 928 4542; x_wconf 85' lang='lat' dir='ltr'><strong>Velut</strong></span> <span class='ocrx_word' id='word_1_295' title='bbox 962 4487 1021 4540; x_wconf 92' lang='lat' dir='ltr'><strong>in</strong></span> <span class='ocrx_word' id='word_1_296' title='bbox 1059 4487 1182 4540; x_wconf 87' lang='lat' dir='ltr'><strong>inst.</strong></span> <span class='ocrx_word' id='word_1_297' title='bbox 1219 4491 1355 4541; x_wconf 88' lang='lat' dir='ltr'><strong>orat.</strong></span> <span class='ocrx_word' id='word_1_298' title='bbox 1391 4486 1457 4551; x_wconf 92' lang='lat'><strong>11,</strong></span> <span class='ocrx_word' id='word_1_299' title='bbox 1492 4487 1576 4550; x_wconf 82' lang='lat'><strong>20,</strong></span> <span class='ocrx_word' id='word_1_300' title='bbox 1609 4486 1669 4550; x_wconf 83' lang='lat'><strong>4;</strong></span> <span class='ocrx_word' id='word_1_301' title='bbox 1721 4486 1785 4540; x_wconf 88' lang='lat' dir='ltr'><strong>X.</strong></span> <span class='ocrx_word' id='word_1_302' title='bbox 1820 4485 1869 4548; x_wconf 81' lang='lat'><strong>5,</strong></span> <span class='ocrx_word' id='word_1_303' title='bbox 1908 4484 2128 4547; x_wconf 85' lang='lat'>17—19;</span> <span class='ocrx_word' id='word_1_304' title='bbox 2176 4483 2301 4538; x_wconf 87' lang='lat' dir='ltr'><strong>XII.</strong></span> <span class='ocrx_word' id='word_1_305' title='bbox 2337 4485 2417 4548; x_wconf 91' lang='lat'><strong>11,</strong></span> <span class='ocrx_word' id='word_1_306' title='bbox 2455 4483 2534 4536; x_wconf 88' lang='lat'><strong>15.</strong></span> 
     </span>
     <span class='ocr_line' id='line_1_39' title="bbox 686 4575 2294 4650; baseline -0.004 -16"><span class='ocrx_word' id='word_1_307' title='bbox 686 4578 728 4650; x_wconf 87' lang='lat'><strong>⁴)</strong></span> <span class='ocrx_word' id='word_1_308' title='bbox 766 4579 913 4634; x_wconf 87' lang='lat' dir='ltr'><strong>Idem</strong></span> <span class='ocrx_word' id='word_1_309' title='bbox 953 4595 1215 4648; x_wconf 87' lang='lat' dir='ltr'><strong>apparere</strong></span> <span class='ocrx_word' id='word_1_310' title='bbox 1250 4577 1463 4632; x_wconf 86' lang='lat' dir='ltr'><strong>videtur</strong></span> <span class='ocrx_word' id='word_1_311' title='bbox 1497 4593 1563 4632; x_wconf 87' lang='lat' dir='ltr'><strong>ex</strong></span> <span class='ocrx_word' id='word_1_312' title='bbox 1598 4576 1875 4631; x_wconf 80' lang='lat' dir='ltr'><strong>Iuvenalis</strong></span> <span class='ocrx_word' id='word_1_313' title='bbox 1910 4576 2019 4629; x_wconf 86' lang='lat' dir='ltr'><strong>Sat.</strong></span> <span class='ocrx_word' id='word_1_314' title='bbox 2057 4576 2143 4628; x_wconf 88' lang='lat' dir='ltr'><strong>VI.</strong></span> <span class='ocrx_word' id='word_1_315' title='bbox 2180 4575 2294 4629; x_wconf 78' lang='lat'><strong>280.</strong></span> 
     </span>
    </p>
   </div>
   <div class='ocr_carea' id='block_1_5' title="bbox 3088 92 3096 894">
    <p class='ocr_par' dir='ltr' id='par_1_11' title="bbox 3088 92 3096 894">
     <span class='ocr_line' id='line_1_40' title="bbox 3088 92 3096 894; baseline 0 0"><span class='ocrx_word' id='word_1_316' title='bbox 3088 92 3096 894; x_wconf 95' lang='lat' dir='ltr'><strong> </strong></span> 
     </span>
    </p>
   </div>
  </div>
 </body>
</html>
