3125 5209
1674 376 1746 430 12

485 529 549 589 et
625 524 1041 591 declamandi
1107 526 1363 590 ratione
1427 526 1851 605 abhorreant,
1918 525 2363 603 Quintilianus
2410 525 2585 589 enim
2659 526 2725 589 in
2799 525 2951 589 inst.

493 638 656 699 orat.
704 635 779 713 II,
825 636 922 714 10,
970 642 1009 697 4
1054 635 1210 699 dicit
1253 636 1442 701 haec:
1502 638 1675 719 ,Sint
1719 658 1863 719 erqo
1912 643 1966 701 et
2011 638 2190 721 ipsae
2234 637 2571 717 materiae,
2628 656 2793 721 quae
2834 636 2951 717 fin-

481 751 745 827 9entur‚
835 766 1056 829 qaam·
1097 746 1465 809 simillimae
1530 748 1847 823 veritatis,
1936 754 1990 809 et
2057 746 2433 809 declamatio
2503 746 2572 808 in
2640 753 2951 831 quantam

485 855 764 917 maxime
803 859 1040 938 potest,
1112 855 1400 918 imitetur
1453 876 1559 920 eas
1614 857 1917 937 actiones,
1994 856 2064 917 in
2118 875 2391 939 quarum
2440 855 2949 919 exercitationem

485 969 743 1047 reperta
795 971 898 1027 est.
947 963 1163 1056 ‚Nam
1217 982 1435 1050 mayos
1490 971 1547 1029 et
1596 964 2025 1049 pestilentiam
2080 972 2134 1029 et
2186 984 2494 1048 responsa
2539 970 2596 1028 et
2637 966 2951 1029 saeviores

421 1144 424 1147 ⁴
486 1073 754 1155 traqicis
798 1093 1100 1137 novercas
1145 1074 1404 1159 aliaque
1447 1076 1654 1158 mayis
1700 1074 1910 1137 adhuc
1951 1073 2255 1155 fabulosa
2286 1072 2546 1155 frustra
2572 1074 2741 1137 inter
2766 1094 2951 1157 spon-

484 1183 693 1246 siones
747 1188 804 1245 et
854 1182 1196 1247 interdicta
1253 1186 1671 1267 quaeremus‘.
1758 1184 1961 1266 Atqui
2016 1203 2363 1263 magorum
2420 1181 2687 1264 quidem
2734 1182 2800 1245 in
2849 1182 2949 1246 his

487 1290 1077 1357 declamationibus
1130 1293 1401 1358 omnino
1457 1294 1703 1366 mentio
1758 1313 1893 1357 non
1938 1294 2041 1372 fit,
2098 1292 2213 1357 sed
2257 1292 2323 1355 in
2370 1292 2580 1356 tribus
2623 1292 2706 1356 de
2746 1292 2951 1373 pesti-

485 1401 688 1464 lentia
717 1404 916 1484 atque
945 1403 1301 1485 responsiS,
1347 1404 1494 1467 dico
1527 1404 2043 1468 declamationes
2072 1408 2224 1479 326;
2266 1408 2415 1479 329;
2456 1408 2579 1465 384
2616 1405 2679 1465 et
2714 1402 2943 1466 iterum

485 1510 552 1574 in
596 1511 807 1575 tribus
853 1512 936 1577 de
979 1531 1175 1578 saeva
1223 1532 1504 1577 noverca
1549 1534 1765 1578 sermo
1814 1518 1931 1592 est,
1978 1533 2149 1596 quae
2192 1517 2347 1576 sunt
2391 1512 2549 1577 decl.
2590 1518 2740 1588 2463
2789 1516 2943 1587 3503

489 1625 629 1682 381.
703 1620 917 1685 'Unde
988 1621 1434 1687 Trabandtius
1505 1623 1824 1687 conclusit
1889 1627 2104 1687 totum
2184 1623 2311 1686 hoc
2393 1622 2947 1686 declamationum

491 1749 733 1811 corpus
782 1750 822 1794 a
871 1731 1273 1807 Quintiliano
1330 1720 1846 1796 abiudicandum
1901 1751 2073 1809 esse,
2120 1752 2299 1811 cum,
2364 1751 2533 1814 quae
2587 1731 2727 1812 ipse
2780 1731 2949 1794 vitu-

497 1844 811 1919 perasset,
857 1840 945 1903 ibi
993 1840 1202 1904 sexies
1248 1841 1714 1904 invenirentur.
1805 1841 1934 1905 Sed
1981 1842 2106 1905 hac
2132 1842 2218 1904 'in
2254 1861 2322 1905 re
2350 1841 2576 1905 cinon
2604 1840 2947 1904 assentior.

443 1990 447 1996 .
493 1946 724 2011 Verbis
789 1948 962 2013 enim
1011 1949 1423 2027 Quintiliani,
1484 1970 1657 2032 quae
1717 1969 1917 2033 supra
1972 1950 2509 2027 commemoravi,
2570 1948 2728 2012 nihil
2774 1948 2951 2013 aliud

490 2058 977 2139 praescribitur,
1023 2058 1148 2122 nisi
1193 2062 1266 2122 ut
1310 2061 1376 2123 in
1422 2059 2009 2124 declamationibus
2058 2059 2369 2140 eligendis
2428 2076 2626 2142 quam
2668 2056 2951 2122 maxime

490 2167 663 2231 vitae
727 2167 1067 2231 veritatem
1123 2169 1418 2233 rhetores
1473 2174 1853 2251 sequantur.
1945 2170 2108 2233 Cum
2156 2189 2310 2232 vero
2356 2168 2700 2233 nobiscum
2748 2187 2948 2248 repu-

490 2276 850 2341 taverimus
913 2297 1175 2342 summo
1244 2270 1461 2342 studio
1529 2279 1641 2343 illo
1702 2282 1999 2360 tempore
2054 2279 2118 2342 in
2175 2278 2634 2343 controversiis
2691 2277 2954 2341 schola-

497 2386 676 2450 sticis
756 2385 1080 2450 eiusmodi
1145 2386 1454 2451 materias
1528 2391 1843 2451 tractatas
1932 2407 2075 2451 esse
2108 2389 2155 2470 1)
2249 2387 2743 2452 concedendum
2814 2386 2955 2461 erit,

494 2514 646 2559 eum
700 2495 1114 2577 scriptorem,
1175 2496 1285 2577 qui
1341 2496 1405 2560 in
1458 2500 1647 2560 tanto
1695 2496 2252 2561 declamationum
2299 2516 2572 2559 numero
2619 2514 2733 2558 sex
2776 2495 2953 2559 eius-

497 2604 680 2668 modi
734 2605 1036 2686 exempla.
1081 2605 1434 2683 admiserit,
1483 2625 1684 2686 quam
1729 2606 2015 2669 maxime
2062 2624 2141 2669 ea
2184 2602 2479 2671 themata
2510 2605 2765 2668 evitare
2812 2607 2955 2669 stu-

497 2714 736 2778 duisse.
843 2714 1323 2791 Quintilianum
1387 2719 1611 2779 autem
1676 2715 1797 2779 has
1876 2715 2185 2779 materias
2263 2735 2298 2778 e
2374 2714 2602 2778 schola
2681 2714 2955 2778 omnino

487 2824 925 2888 removendas
973 2844 1144 2902 esse,
1193 2844 1330 2888 non
1375 2823 1708 2888 censuisse
1753 2844 1835 2888 ex
1878 2824 1956 2887 iis
2001 2824 2219 2888 verbis
2266 2828 2573 2905 apparet,
2640 2842 2811 2905 quae
2855 2843 2956 2899 eo,

498 2951 696 3014 quem
752 2932 913 3010 dixi,
968 2933 1114 2997 loco
1171 2937 1553 3014 sequuntur.
1642 2932 1863 3013 Pergit
1924 2933 2096 2997 enim
2159 2934 2275 2997 sic:
2369 2932 2562 3013 ,Quid
2631 2932 2816 3015 erqo?
2880 2969 2953 2976 --

499 3063 827 3127 nunquam
873 3041 1274 3127 haec-supra
1314 3042 1506 3124 fidem
1554 3050 1610 3107 et
1651 3038 1934 3127 poetica,
1996 3049 2066 3105 at
2124 3064 2263 3105 vere
2315 3043 2622 3121 dixerim,
2678 3040 2957 3129 themata

492 3149 832 3214 iuvenibus·
869 3157 1148 3214 tracta-re
1183 3152 1651 3234 permittamus,
1699 3159 1768 3214 ut
1805 3152 2207 3235 eaepatientur
2248 3158 2303 3213 et
2325 3150 2653 3233 qaudeant
2680 3150 2957 3213 materia

496 3267 552 3325 et
603 3262 792 3345 quasi
842 3262 912 3322 in
957 3280 1188 3344 corpus
1233 3262 1424 3324 eant?
1473 3298 1540 3305 -
1597 3262 1718 3325 erit
1759 3262 2091 3344 optimum,
2136 3259 2248 3323 secl
2291 3266 2454 3323 certe
2498 3260 2627 3321 sint
2662 3257 2952 3341 92·andia

498 3376 555 3433 et
597 3369 869 3450 tumida,
925 3390 1050 3433 non
1095 3369 1292 3433 stulta
1323 3372 1514 3434 etiam
1548 3377 1605 3434 et
1636 3369 1996 3434 'acrioribus
2023 3369 2221 3432 oculis
2248 3370 2522 3431 intuenti
2548 3367 2853 3431 ridicula‘
2884 3367 2959 3450 2).

695 3642 736 3702 1)
775 3640 852 3692 Cf.
891 3639 1251 3707 Grasberger:
1297 3640 1635 3707 ,Erziehuny
1683 3641 1799 3691 und
1844 3639 2150 3690 unterricht
2193 3641 2269 3690 im
2313 3638 2627 3690 classischen
2681 3637 2961 3689 altertum‘

493 3733 593 3786 Bd.
633 3732 709 3785 ΙΙΙ
750 3732 1060 3801 Wfirzburg
1095 3733 1242 3795 1881,
1278 3750 1328 3801 p.
1366 3732 1467 3785 367
1503 3748 1623 3799 sqq.
1661 3735 1716 3784 et
1748 3748 1801 3799 p.
1834 3730 1930 3783 371
1971 3746 2091 3798 sqq.

692 3824 916 3891 Ussing:
992 3824 1322 3884 ,Geschichte
1377 3826 1474 3876 der
1535 3825 1826 3890 ereiehuny
1879 3840 1932 3875 u.
1990 3824 2079 3875 des
2135 3821 2498 3885 unterriclzts‘,
2553 3821 2753 3873 Altona
2812 3820 2963 3881 1870,

494 3934 544 3986 p.
587 3917 680 3971 155
715 3934 834 3991 sqq.

694 4009 1110 4063 Friedlaender:
1145 4010 1506 4077 ,Sittenyesch
1546 4009 1725 4060 Roms‘
1762 4007 1889 4061 edit.
1926 4007 2104 4075 prima
2139 4007 2227 4059 111.
2265 4024 2314 4075 p.
2351 4005 2452 4059 288
2488 4022 2606 4073 sqq.

697 4119 738 4185 ²)
777 4120 855 4173 Cf.
893 4119 1292 4183 Friedlaender,
1329 4118 1422 4186 qui
1464 4118 1498 4170 l.
1533 4119 1568 4172 l.
1606 4136 1655 4186 p.
1691 4118 1796 4171 288
1830 4118 1933 4171 hac
1971 4117 2038 4170 de
2074 4134 2134 4171 re
2169 4116 2314 4179 dicit,
2366 4155 2398 4181 ,‚
2437 4156 2448 4167 .
2489 4156 2499 4167 .
2538 4116 2652 4167 und
2700 4115 2787 4166 die
2840 4116 2968 4180 for-

497 4214 707 4279 deruny
745 4213 846 4263 alle
884 4212 1308 4278 ,unylaublichen
1346 4212 1462 4262 und
1505 4213 1579 4262 im
1641 4210 1986 4277 eiyentlichen
2036 4212 2193 4261 sinne
2254 4209 2345 4261 des
2393 4214 2588 4259 wortes
2635 4206 2969 4273 poetischen‘

497 4305 702 4357 themen
740 4298 1200 4369 anszuschliessem
1233 4304 1376 4369 fand
1409 4305 1548 4355 auch
1590 4302 1901 4366 Quintilian
1934 4319 2003 4353 zu
2039 4310 2223 4368 streny
2256 4302 2373 4352 und
2406 4300 2768 4365 nnerfitllbar‚
2806 4305 2974 4350 etwas

497 4398 756 4464 erkolunq
809 4398 924 4448 und
958 4400 1257 4462 vet-qnayen
1296 4400 1469 4447 miisse
1503 4412 1634 4446 man
1670 4396 1773 4446 den
1796 4395 2011 4461 junyen
2068 4396 2242 4446 leuten
2276 4393 2581 4460 yewa‘hren,
2626 4409 2738 4443 nur
2775 4390 2972 4444 solltcn

497 4491 583 4541 die
615 4490 987 4557 qeqenstdnde,
1021 4504 1177 4539 wenn
1213 4488 1351 4538 auch
1378 4487 1683 4554 pathetisch
1719 4487 1835 4537 und
1869 4487 1973 4537 voll
2007 4486 2270 4551 schwalst,
2309 4486 2443 4536 doch
2498 4485 2646 4536 nicht
2695 4484 2973 4550 yeradezu

500 4582 738 4633 thc'iricht
775 4581 888 4632 und
920 4579 1206 4631 lacherlich
1241 4579 1388 4631 sein‘.
1460 4577 1750 4631 Praeterea
1788 4577 1853 4629 cf.
1892 4577 2013 4631 inst.
2053 4582 2185 4630 orat.
2223 4577 2284 4630 V.
2323 4576 2401 4639 12,
2442 4574 2655 4628 17—23.
