3125 5209
1366 349 1445 437 ,Ψ

167 500 254 565 In
302 500 410 580 iis,
473 520 643 583 quae
688 499 769 564 de
815 500 1153 565 codicibus
1199 529 1260 580 a,
1307 506 1367 581 β,
1411 522 1454 565 x
1498 500 1682 579 dicit',
1729 500 1973 565 diutius
2017 502 2263 566 versari
2309 503 2494 582 nolo,
2561 503 2643 569 de

168 609 523 673 codicibus
568 608 648 684 A,
693 609 765 686 B,
811 608 860 672 C
909 614 1159 689 autem,
1235 630 1372 674 non
1427 630 1504 673 ex
1568 609 1747 674 omni
1803 614 1988 691 parte
2049 616 2222 675 recte
2277 631 2429 676 eum
2472 611 2643 676 iudi-

169 737 403 796 casse,
474 717 930 799 imprimisque
989 716 1232 782 codicis
1301 718 1350 783 C
1416 718 1697 799 pretium
1742 717 1910 782 falso
1967 719 2347 784 aestimasse
2412 720 2642 803 paucis

173 846 519 907 exponam
557 827 628 909 ¹).

355 960 525 1025 Dicit
561 961 735 1025 enim
781 963 863 1025 de
906 960 1035 1025 hoc
1078 960 1243 1025 libro
1289 981 1492 1026 manu
1537 960 1784 1043 scripto
1831 962 1894 1023 in
1944 962 2044 1025 ed.
2092 962 2293 1043 praef.
2340 984 2399 1045 p.
2447 962 2534 1026 XI
2579 968 2644 1027 et

171 1071 310 1135 alia
354 1074 419 1134 et
469 1070 661 1134 haec:
737 1069 1176 1151 ,Consentiunt
1244 1069 1433 1133 verba
1501 1070 1822 1133 artissime
1886 1090 2027 1132 cum
2097 1070 2306 1133 codice
2375 1070 2468 1149 B,·
2534 1071 2645 1134 ubi

177 1180 584 1263 disc-repant,
648 1180 906 1262 saepius
971 1177 1025 1241 C
1075 1178 1162 1241 ad
1231 1179 1465 1241 codicis
1525 1179 1583 1241 A
1642 1179 2033 1261 scripturam
2094 1178 2367 1259 accedit;
2425 1200 2641 1243 verum

172 1309 514 1372 utinquam
555 1289 812 1371 potiora
855 1286 968 1349 hoc
1013 1287 1246 1367 tradit,
1316 1288 1410 1350 ita
1472 1293 1543 1348 ut
1612 1307 1735 1350 non
1793 1294 1846 1349 et
1890 1286 1951 1349 B
1998 1286 2215 1349 eadem
2262 1286 2545 1351 exhibeat
2590 1295 2642 1352 et

171 1418 257 1461 ne
303 1398 420 1459 uni
462 1395 718 1480 quidem
763 1396 892 1458 loco
936 1397 1007 1458 in
1050 1396 1271 1459 ceteris
1315 1395 1498 1457 libris
1547 1397 1637 1476 (A
1661 1394 1749 1476 B)
1788 1397 2048 1479 pariter
2088 1402 2420 1479 corrupta,
2482 1416 2643 1479 quae

171 1508 250 1568 in
311 1506 600 1569 notitiam
668 1526 871 1568 meam
932 1510 1399 1587 pervenerunt,
1461 1504 1697 1567 codicis
1769 1503 1821 1564 (J
1879 1505 2240 1586 scripturae
2289 1510 2642 1587 potuerunt

178 1614 504 1677 auxilium
547 1613 645 1677 vel
690 1613 995 1676 medelam
1042 1612 1322 1695 adferre.
1412 1612 1639 1697 Itaque
1674 1634 1801 1675 non
1831 1614 2022 1675 nimis
2067 1614 2459 1695 neqleqenter
2483 1613 2641 1676 mihi

173 1725 354 1787 visus
397 1743 538 1786 sum
577 1722 813 1804 facere,
857 1722 967 1784 ubi
1008 1724 1322 1805 inteyrum
1351 1722 1518 1784 hunc
1554 1722 1809 1807 quidem
1844 1722 2076 1785 librum
2107 1729 2390 1786 eaecutere
2424 1723 2636 1786 nolui‘.

174 1831 476 1895 Primum
534 1832 713 1913 quod
759 1830 992 1910 integri
1050 1831 1294 1894 codicis
1349 1830 1398 1893 C
1442 1830 1767 1894 rationem
1812 1831 2191 1895 habendam
2238 1851 2381 1895 esse
2425 1837 2639 1914 negat,

177 1942 405 2023 ipsum
453 1940 588 2004 suis
633 1940 847 2003 verbis
892 1940 1174 2003 refutare
1239 1940 1406 2003 licet.
1497 1940 1734 2003 Nonne
1797 1940 1969 2003 enim
2038 1929 2138 2003 vel
2208 1941 2391 2018 inde,
2460 1942 2639 2021 quod

178 2050 388 2113 verba
449 2049 694 2113 codicis
741 2048 812 2127 C,
860 2049 969 2111 ubi
1013 2070 1053 2112 a
1096 2050 1148 2112 B
1194 2048 1589 2129 discrepant,
1636 2050 1901 2130 saepius
1942 2049 2023 2112 ad
2066 2050 2311 2112 codicis
2353 2050 2404 2112 A
2436 2049 2639 2132 scrip-

175 2170 398 2223 turam
448 2159 788 2236 accedunt,
838 2159 1018 2222 illum
1063 2158 1303 2221 librum
1350 2158 1821 2241 neglegendum
1871 2179 2004 2222 non
2050 2179 2196 2222 esse
2239 2164 2553 2242 apparet?

353 2292 630 2356 Exstant
685 2292 889 2369 enim,
964 2296 1035 2354 ut
1088 2310 1167 2355 ex
1220 2292 1609 2374 subscriptis
1666 2291 2053 2355 lectionibus
2122 2293 2441 2373 sequitur,
2512 2291 2639 2356 loci

173 2402 360 2465 haud
405 2401 620 2482 pauci,
665 2401 798 2479 ubi,
844 2405 1062 2464 utrum
1112 2401 1354 2464 codicis
1399 2402 1459 2465 A
1504 2421 1588 2465 an
1629 2402 1678 2464 Β
1728 2401 2051 2483 scriptura
2097 2421 2251 2465 vera
2296 2401 2397 2479 sit,
2442 2402 2636 2466 dubi-

171 2516 374 2575 tatur.
461 2509 632 2590 Ergo
699 2510 940 2573 talibus
993 2510 1152 2573 locis
1217 2510 1505 2573 codicem
1569 2510 1644 2588 C,
1714 2511 1768 2573 si
1824 2510 1963 2573 eius
2010 2511 2333 2591 scriptura
2380 2529 2531 2575 cum
2575 2512 2636 2574 A

178 2619 518 2700 congruit,
590 2619 674 2682 ad
731 2618 1066 2700 scriptoris
1127 2619 1318 2681 verba
1377 2638 1527 2682 vere
1583 2619 2041 2682 constituenda
2096 2620 2374 2682 multum
2419 2619 2637 2683 valere

174 2728 602 2809 perspicuum
646 2730 759 2792 est.
849 2727 1096 2791 Contra
1141 2728 1475 2790 neminem
1519 2727 1977 2791 dubitaturum
2025 2748 2167 2791 esse
2204 2732 2365 2809 puto
2390 2727 2635 2793 codicis

169 2838 224 2899 B
297 2836 644 2900 lectionem
710 2836 924 2917 sequi,
998 2835 1256 2918 quoties
1311 2855 1463 2900 cum
1519 2835 1569 2899 C
1626 2836 2044 2900 consentiens
2101 2837 2334 2900 melius
2379 2837 2464 2900 ad
2509 2837 2636 2901 loci

169 2945 566 3009 sententiam
625 2945 921 3027 quadrat.
1014 2945 1212 3008 Cuius
1270 2945 1360 3007 rei
1417 2944 1716 3027 exempla
1770 2945 2101 3010 sufficiant
2144 2946 2328 3011 haec.
2417 2947 2488 3010 In
2534 2947 2635 3010 in-

169 3054 744 3137 terrogationibUS,
793 3074 962 3136 quae
1009 3060 1346 3132 vocantur,
1395 3055 1700 3136 obliquis,
1747 3075 1946 3137 saepe
1970 3056 2210 3120 modus
2239 3056 2632 3120 indicativus

170 3164 468 3227 omnium
533 3162 836 3228 codicum
899 3182 1228 3227 consensu
1288 3164 1566 3227 traditus
1622 3163 1975 3243 invenitur,
2038 3165 2127 3229 ita
2171 3168 2245 3229 ut
2291 3184 2439 3229 mea
2482 3185 2632 3228 sen-

166 3273 377 3337 tentia
413 3272 533 3336 has
576 3272 886 3337 lectiones
933 3292 1124 3337 veras
1169 3292 1312 3336 esse
1357 3277 1638 3351 constet,
1684 3273 1860 3337 velut
1903 3295 1965 3356 p.
2015 3280 2169 3351 179,
2214 3280 2284 3350 33
2344 3280 2482 3352 182,
2534 3280 2629 3353 11,

171 3381 322 3444 aliis
376 3381 557 3445 lociS.
645 3382 772 3445 Sed
827 3381 1182 3445 identidem
1230 3401 1494 3463 quoque
1538 3381 1606 3445 in
1650 3382 1973 3446 eiusmodi
2020 3382 2377 3446 enuntiatis
2420 3383 2630 3447 codex

175 3492 236 3554 A
306 3490 569 3555 exhibet
625 3492 900 3555 modum
955 3490 1407 3569 indicativum,
1473 3511 1625 3555 curn
1679 3491 1745 3555 in
1797 3492 1850 3555 B
1895 3493 2134 3556 modus
2178 3481 2633 3555 coniunctivus

168 3601 442 3681 legatur,
490 3600 664 3664 velut
709 3604 892 3676 255,1
931 3600 1008 3683 ²);
1059 3606 1198 3679 168,
1245 3606 1346 3662 29.
1433 3600 1677 3664 Haeret
1719 3600 1916 3681 igitur
1958 3601 2024 3664 in
2070 3601 2359 3682 ancipiti,
2404 3607 2619 3664 utrum

169 3709 467 3773 codicem
527 3708 714 3790 sequi
774 3708 1164 3788 debeamuS,
1247 3729 1394 3773 cum
1459 3710 1672 3773 Ritter
1731 3709 1974 3774 codicis
2039 3710 2088 3773 C
2144 3710 2501 3791 scripturas
2552 3710 2627 3773 iis

165 3818 332 3882 locis
399 3837 536 3882 non
604 3816 946 3881 addiderit.
1034 3818 1182 3900 Ipse
1253 3817 1549 3882 codicem
1603 3818 1654 3881 B
1718 3823 1979 3883 secutus
2051 3823 2167 3883 est.
2258 3820 2386 3883 Sed
2441 3818 2495 3881 si
2550 3818 2627 3881 iis

376 4040 418 4104 ¹)
453 4037 726 4091 Ritterum
761 4036 820 4090 in
855 4037 1212 4090 describendo
1248 4042 1302 4089 et
1336 4036 1667 4089 conferendo
1720 4036 1904 4091 codice
1944 4037 1991 4089 A
2046 4037 2395 4104 neglegenter
2448 4053 2630 4090 versa·

166 4137 292 4185 tum
326 4146 446 4183 esse
481 4130 548 4183 H.
585 4130 624 4183 Ι.
651 4129 842 4183 ΜῦΙΙει·
865 4130 1208 4183 demonstrat
1234 4129 1321 4196 (cf.
1342 4130 1616 4182 Deutsche
1632 4128 2131 4199 litteraturzeitung
2160 4129 2302 4182 1885.
2331 4145 2382 4198 p.
2394 4129 2584 4193 266s67
2592 4133 2626 4194 ),

170 4224 432 4291 idemque
486 4223 634 4276 hunc
692 4223 936 4276 codicem
989 4223 1189 4275 iterum
1248 4222 1639 4275 conferendum
1702 4238 1821 4275 esse
1866 4227 2065 4276 censet.
2137 4222 2293 4289 Quod
2355 4239 2455 4275 suo
2508 4222 2626 4275 iure

169 4317 330 4370 illum
365 4316 645 4383 postulare
682 4314 1020 4383 argumentis
1054 4316 1254 4385 probat
1289 4313 1345 4367 C.
1382 4314 1617 4368 Schenkl
1652 4316 1686 4368 l.
1722 4317 1756 4369 l.
1794 4333 1844 4383 p.
1882 4316 1947 4369 74
1980 4321 2034 4368 et
2071 4315 2151 4367 75.
2220 4314 2301 4367 Cf.
2338 4315 2442 4368 hac
2464 4315 2531 4367 de
2567 4330 2627 4366 re

167 4409 227 4462 F.
265 4408 477 4462 Becher
510 4409 545 4461 l.
580 4409 612 4461 l.
651 4425 702 4477 p.
731 4406 811 4461 73.

375 4500 416 4566 ²)
452 4499 532 4554 Cf.
565 4500 635 4553 R.
666 4500 746 4552 ed.
783 4516 835 4569 p.
868 4500 968 4551 519
1005 4500 1338 4565 corrigenda.
