3125 5209
1705 345 1785 405 14

506 494 787 575 conferri
825 498 1104 581 possint,
1150 516 1264 563 eas
1287 496 1675 576 Quintiliani
1722 519 1867 565 esse
1912 504 2110 582 negat
2152 503 2349 583 ,nam‘
2392 498 2624 584 inquit,
2673 524 2837 583 ,cum
2868 501 2980 568 hic

503 610 673 675 idem
745 609 887 690 fere
951 610 1120 693 quod
1173 608 1409 674 Seneca
1478 610 1556 673 de
1618 617 1755 675 arte
1820 610 2081 675 dicendi
2134 618 2189 675 et
2235 610 2645 677 declamandi
2686 616 2981 695 sentiret,

507 722 671 783 certe
713 717 835 782 sibi
877 738 1004 781 non
1048 719 1466 799 concessisset,
1513 738 1676 803 quae
1719 719 1830 782 illo
1876 718 2312 803 adstipulante
2346 721 2711 804 vituperata
2739 729 2979 786 erant‘.

504 826 600 891 Ex
629 846 761 910 qua
799 826 1366 907 argumentatione
1394 826 1691 905 efficitur,
1736 826 2099 891 secundum
2130 827 2519 892 Trabandtii
2551 830 2978 908 sententiam,

507 957 679 1020 quae
752 936 1002 1001 Seneca
1075 956 1225 1000 cum
1285 936 1437 1000 filiis
1495 937 1633 1000 suis
1712 937 2294 1002 communicaverit
2370 938 2973 1003 controversiarum

501 1048 796 1112 themata
871 1047 937 1132 in
998 1045 1377 1110 universum
1450 1064 1586 1111 non
1653 1046 1868 1112 aliena
1938 1066 2081 1111 esse
2147 1067 2186 1111 a
2249 1047 2674 1124 Quintiliano.
2758 1048 2973 1131 Atqui

501 1156 682 1239 apud
727 1156 1049 1219 Senecam
1112 1154 1433 1219 nonnulla
1476 1155 1771 1219 themata
1816 1159 2099 1235 exstant,
2147 1175 2319 1239 quae
2364 1155 2600 1220 eadem
2646 1155 2711 1219 in
2742 1156 2972 1220 decla-

505 1266 870 1330 mationum
919 1284 1196 1347 corpore
1240 1264 1681 1343 inveniuntur,
1726 1264 1908 1328 velut
1950 1264 2309 1349 respondet

504 1400 793 1464 Senecae
823 1398 898 1463 11.
946 1404 982 1461 3
1029 1398 1492 1462 declamationi
1540 1404 1661 1461 349
1767 1398 2059 1463 Senecae
2102 1399 2206 1464 VI.
2254 1404 2291 1461 5
2338 1398 2799 1463 declamationi
2841 1404 2968 1462 386

824 1507 903 1574 11.
951 1513 987 1571 5
1287 1559 1310 1586 ,‚
1539 1512 1657 1570 251
2094 1507 2195 1572 VI.
2244 1514 2281 1572 6
2589 1561 2614 1588 ,‚
2838 1514 2967 1572 354

797 1616 900 1682 111.
949 1622 986 1680 9
1285 1666 1309 1693 ,,
1537 1622 1663 1680 380
2086 1617 2195 1681 ΙΧ.
2243 1624 2279 1681 6
2584 1668 2609 1695 „
2837 1624 2961 1681 381

502 1752 727 1836 Neque
789 1753 1031 1817 desunt
1085 1752 1152 1816 in
1211 1751 1499 1817 Senecae
1567 1771 1795 1835 opere,
1863 1773 2299 1834 ,novercarum
2345 1756 2705 1817 saevarum‘
2759 1758 2965 1835 atque

497 1862 1085 1947 ,tyrannicidarum
1118 1862 1585 1945 praemiorum‘
1634 1861 1951 1945 exempla,
1994 1861 2141 1926 dico
2187 1860 2294 1926 IX.
2341 1869 2411 1939 53
2458 1863 2564 1927 IX.
2614 1869 2681 1938 63
2741 1863 2843 1926 III.
2892 1869 2961 1939 6;

497 1974 599 2038 IV.
649 1980 714 2051 ’ῖς
780 1971 888 2035 ΙΧ.
935 1978 1007 2050 4,
1068 1990 1310 2053 nempe
1372 1990 1546 2053 quae
1611 1989 1880 2053 prorsus
1943 1970 2330 2050 Quintiliani
2384 1972 2752 2055 praeceptis
2798 1992 2962 2037 con-

498 2082 698 2148 traria
743 2100 887 2147 esse
933 2079 1381 2145 Trabandtius
1427 2079 1783 2145 contendit.
1894 2080 2243 2145 Praeterea
2302 2082 2543 2146 multas
2608 2081 2771 2146 alias
2838 2082 2961 2145 Se-

501 2174 704 2283 rifecae
748 2189 1249 2268 controversiaS,
1295 2189 1474 2253 velut
1516 2187 1561 2253 1.
1611 2195 1671 2269 4,
1718 2198 1778 2271 5,
1824 2195 1883 2268 6,
1931 2197 1994 2268 7;
2040 2190 2153 2254 VII
2197 2197 2256 2271 4,
2304 2196 2341 2253 5
2379 2211 2514 2256 non
2544 2193 2756 2273 magis
2784 2192 2962 2257 vitae

497 2292 750 2365 veritati
795 2299 1230 2381 respondere,
1301 2318 1502 2381 quam
1566 2298 1909 2382 quodlibet
1952 2300 2512 2364 declamationum
2557 2302 2961 2385 exemplum,

496 2391 582 2474 ad
626 2409 910 2491 primum
958 2407 1239 2491 quisque
1283 2411 1710 2489 conspectum
1756 2408 2089 2473 concedet.
2179 2408 2308 2473 Sed
2338 2410 2503 2474 haec
2545 2412 2770 2475 omnia
2796 2431 2956 2493 pro-

496 2513 793 2585 feruntur
837 2517 1118 2582 docendi
1163 2536 1366 2581 causa
1408 2518 1891 2599 vituperatione
1935 2537 2071 2582 non
2114 2518 2360 2584 addita.
2447 2520 2618 2600 Ergo
2666 2541 2707 2585 a
2744 2519 2955 2599 Quin-

495 2629 760 2707 tilianO,
832 2626 1077 2711 quippe
1139 2626 1252 2711 qui
1304 2626 1479 2690 idem
1523 2627 1657 2691 fere
1701 2627 1881 2710 quod
1929 2627 2183 2692 Seneca
2226 2628 2309 2691 de
2354 2628 2770 2693 declamandi
2814 2634 2955 2695 arte

496 2718 794 2817 senti1·,et
841 2736 1356 2801 declamationes
1403 2739 1672 2820 propter
1716 2718 2008 2802 themata
2052 2738 2119 2801 in
2162 2737 2323 2820 ipsis
2366 2741 2647 2803 tractata
2692 2740 2953 2804 abiudi-

495 2848 748 2913 candae
791 2867 926 2912 non
979 2849 1152 2911 sunt.

663 2981 948 3064 Propius
1001 2982 1088 3046 ad
1149 2981 1493 3047 veritatem
1556 2980 1811 3045 accedit
1853 2981 2118 3056 tertium
2165 2982 2553 3048 Trabandtii
2600 3002 2952 3063 argumen-

495 3098 665 3171 tum,
724 3112 858 3177 quo
915 3091 1475 3155 declamationum
1522 3110 1763 3172 corpus
1808 3090 2190 3174 Quintiliani
2234 3112 2372 3156 non
2415 3112 2561 3157 esse
2606 3093 2953 3157 ostendere

496 3201 734 3267 studet.
800 3201 969 3267 Dicit
1013 3200 1187 3265 enim
1231 3200 1297 3263 in
1343 3219 1581 3271 comm.
1630 3220 1789 3264 suae
1832 3220 1895 3282 p.
1942 3204 2127 3283 28129
2173 3222 2339 3283 ,cum
2383 3208 2593 3265 autem
2636 3203 2720 3265 'sit
2752 3204 2952 3284 Quin-

493 3312 762 3377 tilianus
803 3311 875 3373 in
917 3310 1318 3375 institutione
1360 3308 1542 3373 homo
1575 3309 1874 3394 prudens
1915 3317 1970 3375 et
2019 3311 2168 3374 sani
2202 3309 2455 3393 iudicii,
2487 3311 2949 3395 postulandum

495 3428 602 3501 est,
627 3427 719 3485 ·ut
761 3421 830 3483 in
875 3417 1442 3483 declamationibus
1485 3438 1730 3505 quoque
1772 3421 2118 3484 sententiae
2158 3440 2288 3483 non
2331 3420 2764 3501 inveniantur,
2810 3421 2950 3505 qui-

494 3514 610 3597 bis‘is
655 3530 1054 3593 contrarium
1097 3526 1516 3592 ostendatur!
1606 3526 1794 3592 Certe
1861 3528 2099 3593 insana
2157 3532 2221 3592 et
2275 3527 2567 3593 absurda
2611 3547 2652 3592 a
2695 3527 2949 3607 Quinti-

493 3636 674 3704 liano
721 3637 965 3721 scripta
1012 3656 1146 3702 non
1193 3656 1341 3701 esse
1399 3640 1680 3701 constat.
1790 3636 1919 3701 Sed
1981 3656 2392 3721 quamquam
2455 3637 2947 3702 concedendum

493 3730 627 3837 est,
659 3747 711 3811 si
759 3766 895 3811 non
943 3744 1189 3824 omnia,
1236 3748 1306 3810 at
1348 3746 1528 3810 certe'
1565 3745 1888 3810 nonnulla
1932 3764 2200 3826 eorum,
2273 3765 2448 3829 quae
2499 3746 2945 3810 Trabandtius

491 3858 672 3935 locu,
720 3874 917 3940 quem
963 3854 1134 3933 dixi,
1206 3854 1398 3921 affert
1461 3874 1502 3918 a
1566 3854 1974 3934 Quintiliano
2036 3855 2484 3920 abiudicanda
2547 3874 2725 3935 esse,
2798 3876 2942 3919 cum

492 3964 820 4031 eiusmodi
859 3952 1030 4043 sint,
1093 3969 1168 4028 ut
1227 3984 1268 4029 a
1313 3964 1452 4028 viro
1499 3964 1645 4029 sani
1689 3964 1912 4029 iudicii
1957 3965 2201 4047 scripta
2244 3970 2360 4030 aut
2403 3964 2583 4030 edita
2625 3985 2772 4029 esse
2815 3983 2942 4029 non

491 4075 778 4159 possint,
836 4080 1057 4139 tamen
1102 4074 1254 4139 inde
1299 4094 1419 4157 pro
1466 4078 1644 4139 certo
1690 4094 1825 4139 non
1872 4074 2151 4140 efficitur
2194 4075 2262 4140 in
2306 4075 2409 4140 his
2454 4074 2941 4140 declamationi-

491 4186 616 4250 bus
663 4184 1048 4263 Quintiliani
1092 4183 1255 4248 nihil
1304 4184 1539 4248 inesse.
1627 4183 1798 4249 Nam
1844 4204 2014 4264 cum,
2060 4184 2127 4248 id
2173 4184 2355 4269 quod
2400 4203 2604 4267 supra
2648 4184 2937 4267 exposui,

490 4294 558 4359 in
604 4293 832 4359 schola
879 4298 1064 4358 ortae
1109 4293 1268 4371 sint,
1315 4292 1500 4357 facile
1544 4292 1686 4357 fieri
1727 4293 1974 4377 potuit,
2016 4298 2090 4357 ut
2131 4294 2334 4359 verba
2381 4313 2421 4357 a
2463 4293 2728 4358 rhetore
2771 4292 2939 4357 dicta

491 4407 607 4471 aut
650 4422 786 4468 non
832 4402 1058 4468 omnia
1103 4405 1220 4466 aut
1262 4421 1400 4466 non
1444 4401 1581 4482 ita,
1612 4406 1687 4467 ut
1729 4402 1910 4467 dicta
1953 4406 2167 4482 erant,
2228 4424 2269 4468 a
2305 4401 2644 4485 discipulis
2684 4401 2936 4466 interci-

490 4516 825 4597 perentur.
912 4511 1186 4577 Accedit
1234 4512 1414 4595 quod
1442 4511 1959 4577 declamationes
2004 4532 2159 4591 non,
2206 4512 2436 4595 quales
2482 4511 2768 4576 dictatae
2795 4510 2931 4591 sint,
