3125 5209
1400 392 1434 445 9

191 549 387 609 ratae
433 549 603 621 sunt,
649 548 741 622 ut,
789 563 959 626 quae
1003 542 1447 621 Quintilianus
1493 542 1575 606 de
1620 542 1873 605 illorum
1939 541 2257 605 librorum
2308 558 2655 620 argumen-

181 654 275 717 tis
345 654 520 731 dicit,
603 654 687 717 ad
761 672 873 717 eas
945 652 1290 733 quadrent.
1377 651 1650 715 Accedit
1717 650 1917 733 quod,
1967 670 2137 714 cum
2211 648 2653 727 Quintilianus

182 766 414 827 narret
457 762 730 825 alterum
780 761 1036 825 illorum
1084 761 1242 824 artis
1286 760 1652 824 rhetoricae
1698 760 2013 823 librorum
2060 779 2176 839 per
2230 758 2409 822 bidui
2485 762 2653 821 tem-

183 871 373 955 poris
417 871 724 951 spatium,
771 871 1045 933 alterum
1092 870 1388 951 pluribus
1435 869 1667 933 diebus
1725 890 1764 932 a
1820 868 2156 952 discipulis
2220 868 2653 948 interceptum

181 1000 354 1057 esse,
401 980 486 1042 ob
531 978 850 1060 temporis
897 978 1234 1059 angustias
1280 977 1839 1041 declamationum
1887 996 2131 1059 corpus
2200 975 2288 1039 illi
2364 975 2507 1039 libri
2552 975 2651 1039 in-

187 1088 413 1169 tellegi
456 1092 811 1169 nequeunt.
1980 1094 1983 1097 ’
2251 1066 2255 1071 ’

367 1224 494 1287 Sed
567 1224 694 1287 alia
759 1243 1024 1306 quoque
1092 1244 1180 1301 re,
1255 1243 1424 1304 quae
1498 1212 1977 1287 Trabandtium
2062 1222 2309 1302 fugisse
2377 1220 2653 1298 videtur,

185 1334 422 1398 Ritteri
469 1334 791 1398 sententia
836 1334 1014 1398 irrita
1056 1334 1146 1397 fit.
1237 1333 1593 1398 Contendit
1635 1333 1809 1397 enim
1869 1333 2141 1419 alterum
2208 1332 2367 1396 artis
2432 1332 2653 1393 rheto-

186 1444 367 1507 ricae
409 1443 647 1506 librum
693 1443 998 1519 minoreS,
1074 1464 1240 1525 quas
1313 1447 1575 1519 vocant,
1656 1442 2165 1505 declamationes
2231 1440 2651 1504 continuisse.

190 1552 398 1634 Atqui
444 1552 974 1629 declamationeS‚
1022 1572 1304 1634 quarum
1361 1551 1554 1615 nobis
1629 1550 1818 1615 tertia
1877 1551 2238 1614 admodum
2298 1569 2452 1629 pars
2524 1568 2658 1612 ser-

191 1667 350 1725 vata
393 1666 509 1740 est,
553 1665 693 1725 tum
738 1681 887 1725 cum
931 1662 1174 1724 nullam
1223 1662 1541 1725 iacturam
1587 1660 1891 1737 fecerant,
1935 1659 1987 1723 si
2054 1679 2187 1725 non
2268 1645 2517 1721 maiore
2588 1662 2657 1721 at

193 1776 370 1835 certe
415 1770 666 1848 eadem,
715 1790 846 1853 qua
891 1769 1240 1834 duodecim
1287 1770 1435 1835 inst.
1482 1774 1647 1833 orat.
1695 1769 1839 1832 libri
1886 1767 2317 1848 amplitudine
2375 1767 2655 1830 fuerunt.

195 1880 434 1943 Ritteri
481 1879 675 1961 igitur
720 1880 1030 1959 opinione
1075 1899 1246 1942 unus
1293 1878 1449 1943 artis
1496 1878 1863 1942 rhetoricae
1903 1878 2065 1940 liber
2109 1876 2455 1962 duodecim
2506 1876 2653 1938 inst.

194 1994 363 2054 orat.
409 1990 609 2053 libros
657 1988 908 2053 ambitu
965 2008 1310 2070 superasse
1382 1988 1482 2051 vel
1554 1988 2023 2069 aequiparasse
2092 1986 2365 2050 videtur.
2457 1984 2656 2062 Quod

189 2119 261 2162 re
307 2118 463 2162 vera
507 2098 648 2161 fieri
692 2097 1004 2178 potuisse,
1051 2098 1426 2180 quicunque
1471 2116 1691 2160 secum
1743 2096 2156 2176 reputaverit,
2205 2096 2357 2178 quid
2408 2100 2656 2157 veteres

188 2208 545 2289 scriptores
608 2207 752 2270 libri
799 2207 1124 2271 vocabulo
1172 2207 1705 2287 significaverint,
1780 2226 1901 2269 suo
1951 2206 2089 2268 iure
2160 2205 2445 2285 negabit.
2537 2204 2657 2267 So-

190 2319 328 2381 lent
375 2318 546 2381 enim
595 2336 836 2399 prosae
882 2316 1200 2381 orationis
1246 2316 1393 2380 libri
1439 2337 1573 2380 non
1617 2316 1835 2379 minus
1882 2316 2053 2378 mille
2126 2318 2188 2377 et
2259 2314 2655 2395 quingentos

193 2446 428 2490 versus
477 2446 689 2507 neque
717 2426 864 2507 plus
910 2426 1034 2490 tria
1079 2426 1256 2489 milia
1303 2445 1609 2489 versuum
1658 2425 1993 2489 continere
2025 2426 2091 2504 ¹).
2140 2404 2352 2500 Quem
2383 2421 2656 2485 modum

197 2535 646 2613 Quintilianus
693 2536 759 2598 in
816 2535 1162 2619 partienda
1242 2536 1390 2598 inst.
1464 2539 1625 2598 orat.
1704 2532 2195 2597 accuratissime
2265 2531 2657 2595 observavit.

195 2644 398 2721 Quod
439 2664 669 2708 verum
713 2664 857 2708 esse
902 2649 975 2708 ut
1017 2644 1264 2720 videaS,
1336 2663 1685 2707 numerum
1750 2642 2159 2722 singulorum
2192 2726 2197 2731 ⁸
2229 2640 2369 2703 eius
2442 2639 2658 2722 operis

187 2754 520 2817 librorum
565 2772 871 2817 versuum
913 2754 1145 2817 afferre
1189 2753 1351 2816 mihi
1394 2753 1603 2816 liceat.
1695 2752 1966 2841 Constat

459 2887 622 2951 liber
663 2858 706 2951 1'
814 2908 893 2951 ex
939 2890 1104 2951 2748
1625 2854 1785 2977 liber
1828 2886 1939 2950 vn
2027 2904 2106 2949 ex
2154 2891 2317 2949 2025

526 3046 550 3069 ‚.
646 2996 702 3059 ΙΙ
841 3045 864 3071 ,,
937 3002 1098 3058 2217
1426 2888 1434 3189 Ι
1561 3010 1565 3013 ·
1703 3046 1727 3073 ,,
1824 2996 1968 3060 VIII
2058 3044 2081 3071 „
2158 3001 2319 3059 2097

531 3154 554 3179 „
655 3106 736 3167 111
842 3156 866 3182 „
937 3111 1102 3167 2334
1700 3156 1723 3182 ,,
1821 3106 1907 3169 IX
2052 3154 2079 3183 „
2146 3109 2309 3167 3013

536 3264 560 3291 „
657 3215 738 3278 IV
847 3263 870 3289 ‚‚
945 3220 1109 3278 1880
1702 3263 1725 3290 „
1820 3215 1880 3277 X
2051 3262 2075 3289 ,‚
2153 3218 2315 3277 1880

540 3374 564 3398 ‚,
657 3324 710 3385 V
848 3374 872 3399 ,,
942 3329 1106 3385 2724
1706 3374 1730 3401 ,,
1823 3323 1914 3386 XI
2058 3374 2081 3399 „
2150 3327 2314 3384 2334

537 3483 561 3508 ,,
658 3433 742 3498 VI
849 3484 873 3511 ,‚
946 3440 1104 3496 1832
1702 3481 1727 3508 „
1828 3432 1947 3495 XII
2041 3481 2065 3508 ,‚
2141 3437 2304 3495 2073

200 3567 523 3631 versibus.
608 3568 901 3651 Apparet
949 3589 1150 3632 unum
1195 3568 1432 3632 librum
1476 3588 1727 3632 nonum
1773 3566 2105 3632 nonnullis
2174 3565 2469 3630 versibus
2516 3584 2659 3628 mo-

205 3678 367 3741 dum
417 3681 802 3741 consuetum
883 3678 1185 3742 transire.
1301 3678 1430 3741 Sed
1495 3677 1935 3755 Quintilianus
2006 3696 2140 3740 non
2207 3674 2662 3758 praetermisit,

203 3786 364 3868 quin
411 3786 533 3851 hac
579 3787 660 3850 de
701 3807 771 3851 re
815 3808 886 3851 se
930 3793 1288 3851 excusaret.
1379 3787 1550 3851 Dicit
1590 3786 1764 3850 enim
1824 3786 1891 3849 in
1956 3786 2249 3849 eiusdem
2309 3784 2459 3847 libri
2500 3795 2578 3847 ³c.
2624 3790 2663 3845 4

203 3901 246 3973 ξ
295 3901 456 3959 146:
501 3896 747 3977 ,Finem
794 3898 1117 3980 imponere
1165 3918 1406 3981 cyre-930
1454 3896 1843 3961 destinatum
1897 3894 2151 3957 modum
2225 3893 2533 3956 volumini
2572 3891 2667 3973 fe-

203 4005 418 4067 stin0.‘
502 4004 673 4087 Ergo
719 4005 856 4069 fieri
902 4025 1039 4069 non
1082 4005 1297 4087 potuit
1340 4009 1416 4069 ut
1467 4005 1532 4069 in
1607 4003 2199 4069 declamationibus
2273 4020 2667 4085 componen-

204 4113 307 4177 dis
353 4134 583 4177 omnes
629 4113 800 4195 leges
847 4114 928 4177 de
970 4104 1287 4179 librorum
1345 4114 1778 4198 amplitudine
1839 4112 2228 4177 constitutas
2296 4115 2495 4192 atque
2564 4109 2665 4177 in-

205 4226 534 4287 veteratas
579 4222 746 4286 adeo
793 4223 1182 4303 neglegeret,
1223 4228 1317 4300 ut,
1364 4242 1514 4287 curn
1558 4222 1723 4287 liber
1766 4222 1965 4305 prior,
2012 4224 2242 4302 utpote
2310 4238 2427 4301 per
2481 4218 2666 4291 bidui

206 4332 523 4415 temporis
569 4332 856 4415 spatium
902 4333 1260 4411 confectUS,
1310 4336 1480 4396 certe
1526 4352 1659 4395 non
1705 4331 1985 4413 amplior
2028 4334 2219 4407 esset,
2296 4310 2497 4410 quam
2542 4326 2665 4389 mi-

411 4608 452 4674 1)
491 4606 568 4661 cf.
605 4606 756 4660 Birt:
806 4605 940 4669 ,Das
975 4606 1159 4659 antike
1197 4604 1520 4668 buchwesen‚
1570 4602 1763 4654 Berlin
1798 4600 1963 4666 1882‘,
1996 4616 2047 4668 p.
2084 4598 2182 4651 307
2216 4613 2337 4666 sqq.
