3125 5209
1377 350 1448 407 13

354 501 530 580 Quin
629 502 828 568 etiam
901 502 1292 568 Trabandtii
1383 503 1709 571 sententia
1748 519 1755 525 '
1796 504 1899 567 his
1988 503 2195 585 ipsius
2226 504 2237 521 “
2268 504 2484 569 verbis
2556 504 2655 569 in-

181 612 514 694 fringitur,
580 631 751 694 quae
809 614 876 676 in
940 633 1178 677 comm.
1234 633 1392 679 suae
1435 635 1498 696 p.
1569 621 1641 675 17
1704 614 2032 695 leguntur:
2144 614 2369 693 ‚Porro
2414 616 2474 677 si
2516 637 2658 679 con-

185 723 537 787 troversiae
583 724 818 787 nostris
877 724 1116 785 similes
1176 730 1363 808 atque
1418 722 1575 788 adeo
1640 723 1891 787 eaedem
1937 724 2005 786 in
2052 725 2453 788 institutione
2498 746 2660 787 com-

183 839 645 914 memorantur,
692 832 850 916 quid
892 834 964 896 id
1007 834 1288 897 mirum?
1376 834 1824 915 Quintilianus
1880 835 2079 914 enim,
2142 840 2213 896 ut
2278 840 2386 897 est.
2418 855 2660 917 puero-

192 960 342 1001 rum
385 942 891 1021 amantiss-imm,
939 942 1228 1025 quamvis
1273 962 1452 1003 omne
1485 943 1895 1025 propositum
1942 942 2153 1025 operis
2199 962 2267 1005 eo
2293 949 2544 1025 spectet,
2591 949 2663 1005 ut

187 1054 408 1109 orator
451 1049 864 1130 instituatur,
927 1056 1137 1113 tamen
1205 1070 1283 1112 ne
1327 1048 1484 1133 quid
1528 1050 1802 1113 studiosi
1847 1050 2203 1134 requirant,
2249 1052 2439 1114 etiam
2488 1050 2660 1137 quod

191 1156 282 1218 ad
324 1156 603 1220 scholam
636 1160 922 1240 pertinet
986 1160 1288 1242 proprie,
1335 1160 1619 1221 omittere
1662 1178 1788 1221 non
1832 1158 2005 1238 vult,
2077 1180 2199 1243 quo
2256 1158 2507 1240 factum
2552 1168 2661 1243 est,

194 1272 263 1327 ut
311 1266 633 1329 interdum
679 1268 1164 1348 controversias,
1221 1267 1439 1352 quates
1493 1268 1565 1329 in
1608 1266 1821 1330 schola
1864 1266 2270 1351 finqebantur
2315 1275 2371 1330 et
2416 1268 2657 1333 adoles-

195 1373 478 1435 centibus
522 1381 709 1437 notae
746 1382 946 1456 erant,
989 1377 1058 1438 in
1108 1375 1457 1459 exemplum
1490 1380 1921 1459 proponeret.‘
2009 1374 2181 1438 Num
2227 1375 2423 1455 igitur
2450 1376 2659 1454 Quin-

193 1481 446 1559 tiliano,
510 1501 658 1545 cum
705 1483 773 1547 in
816 1470 1044 1548 schola
1089 1487 1440 1566 praecepta
1484 1502 1608 1546 sua
1651 1482 1962 1564 exemplis
2009 1483 2376 1563 illustraret,
2424 1504 2649 1548 amore

192 1610 555 1674 puerorum
617 1597 917 1673 permoto
978 1612 1059 1656 ne
1112 1612 1226 1657 sex
1299 1593 1568 1674 quidem
1633 1592 1947 1674 exemplis
1992 1585 2399 1674 pestilentiae
2443 1598 2507 1657 et
2551 1614 2653 1657 re-

198 1720 599 1782 sponsorum
655 1707 767 1765 aut
828 1688 1262 1766 novercarum
1325 1722 1672 1766 saevarum
1717 1702 1811 1766 uti
1857 1702 2118 1766 licuisse
2162 1702 2654 1782 contendemUS‚

202 1814 589 1890 praesertim
645 1831 795 1874 cum
856 1806 1241 1892 saepissime
1292 1812 1417 1875 hae
1487 1811 1803 1875 materiae
1872 1831 1913 1874 a
1982 1811 2355 1875 rhetoribus
2423 1816 2665 1875 tracta—

199 1923 470 1983 rentur?

367 2051 621 2129 Quodsi
668 2052 1119 2117 Trabandtius
1181 2059 1442 2136 ,ceteras
1501 2054 1763 2131 auteni‘‚
1829 2052 2040 2134 inquit
2062 2054 2141 2134 1),
2212 2054 2501 2135 ,propius
2573 2052 2662 2115 ad

191 2162 518 2224 veritatem
565 2162 860 2225 accedere
902 2182 1116 2240 neme,
1177 2164 1289 2248 qui
1345 2183 1450 2226 eas
1491 2162 1865 2245 perleyerit,
1932 2162 2278 2225 contendet‘
2344 2160 2412 2224 in
2458 2159 2654 2239 idem,

197 2269 380 2351 quod
426 2270 490 2333 in
537 2271 788 2335 Rittero
833 2271 1245 2353 vituperavit,
1295 2270 1522 2335 vitium
1561 2271 1809 2349 incidit,
1857 2290 2073 2353 neque
2110 2272 2240 2334 ullo
2275 2275 2471 2353 pacto
2499 2272 2662 2334 haec

194 2398 320 2442 sua
365 2380 563 2443 verba
633 2381 1108 2463 comprobavit.
1210 2381 1458 2444 Eodem
1532 2381 1672 2443 iure
1753 2380 2007 2443 Rittero
2076 2380 2292 2443 dicere
2380 2380 2558 2443 licuit
2590 2383 2663 2460 2).

189 2489 343 2569 ‚Die
387 2488 626 2554 tkemen
675 2490 825 2553 sind
867 2490 1232 2573 vernunftiy
1279 2490 1436 2554 ohne
1480 2489 1619 2553 iede
1663 2488 2045 2569 ausnahme,
2110 2509 2288 2552 zwar
2330 2510 2449 2551 von
2484 2496 2657 2573 pest-

191 2598 533 2661 krankkeit
579 2598 716 2660 und
760 2600 1304 2683 crakelspriichen·
1335 2598 1554 2680 finden
1598 2598 1731 2661 sich·
1776 2599 1933 2661 zwei
1952 2599 2006 2679 ³)
2051 2597 2347 2681 beispiele
2404 2599 2473 2660 in
2506 2597 2661 2661 decl.

195 2708 326 2770 326
373 2707 506 2769 und
551 2707 705 2771 decl.
751 2710 915 2787 384;
959 2708 1112 2771 doch
1161 2708 1313 2772 dass
1355 2708 1589 2771 solches
1632 2714 1820 2770 unter
1864 2708 1987 2769 145
2031 2706 2259 2770 Fa‘llen
2306 2706 2668 2785 Quintilian

202 2816 378 2879 nicht
423 2818 710 2881 zweimal
753 2818 980 2881 lciinnte
1023 2818 1393 2901 zuyelassen
1437 2817 1662 2898 haben,
1708 2817 1873 2879 wird
1918 2816 2226 2880 niemand
2269 2816 2667 2901 behaupten‘.

366 2960 543 3023 Licet
601 2979 828 3023 verum
891 2960 971 3023 sit
1033 2979 1264 3024 omnes
1325 2960 1446 3024 has
1496 2958 2011 3023 declamationes
2058 2978 2097 3021 a
2159 2959 2332 3023 vitae
2391 2958 2663 3023 veritate

203 3068 560 3132 abhorrere
605 3073 800 3149 atque
845 3069 1268 3133 institutionis
1312 3069 1639 3132 oratoriae
1668 3068 2034 3151 praeceptis
2063 3086 2446 3149 repugnare,
2496 3068 2656 3150 quid

201 3177 380 3240 dices
447 3178 530 3242 de
595 3177 696 3241 his
755 3178 988 3242 iisdem
1051 3179 1152 3241 vel
1214 3178 1539 3241 similibus
1589 3177 1923 3267 exempliS‚
1988 3197 2158 3259 quae
2204 3164 2269 3240 in
2315 3178 2460 3260 ipsa
2503 3178 2653 3241 inst.

199 3291 367 3354 orat.
413 3287 850 3365 inveniuntur,
898 3286 1044 3352 dico

347 3422 451 3485 IV.
540 3428 599 3501 2,
687 3428 770 3485 30
816 3448 892 3479 =
939 3423 1103 3487 decl.
1151 3429 1272 3485 283
1582 3423 1715 3489 V11.
1803 3430 1863 3504 4,
1951 3428 2031 3485 39
2079 3448 2155 3478 ==
2203 3421 2361 3487 decl.
2409 3427 2532 3485 268

333 3532 452 3602 ¹V.
504 3538 772 3613 10,104
817 3558 896 3587 =
1031 3582 1056 3609 ,,
1152 3538 1276 3596 284
1614 3533 1724 3597 IX.
1812 3538 1870 3613 2,
1958 3538 2040 3595 90
2085 3558 2162 3588 ε
2298 3583 2323 3611 ‚‚
2416 3535 2582 3607 349?

325 3641 455 3705 VII.
538 3648 601 3727 ¹1,
691 3647 772 3705 38
817 3668 896 3699 =
1037 3693 1062 3721 ‚,
1155 3648 1277 3707 268

196 3776 410 3840 Affert
452 3780 794 3857 praeterea
840 3776 1286 3842 Trabandtius
1333 3779 1401 3842 in
1445 3798 1687 3844 comm.
1732 3800 1798 3863 p.
1845 3784 1922 3840 32
1970 3778 2139 3841 duos
2170 3778 2457 3841 Senecae
2502 3795 2661 3841 con-

198 3886 667 3951 troversiarum
723 3887 928 3965 Ιοοοε,
992 3888 1232 3969 quibus
1299 3890 1549 3953 Seneca
1593 3887 2046 3953 consentiente
2116 3885 2396 3950 rhetoris
2443 3886 2662 3949 cuius-

200 3996 357 4061 dam
403 3997 606 4060 verba
643 3996 1115 4078 vituperantur.
1205 3997 1408 4081 Atqui
1454 4019 1607 4062 cum
1651 3998 1718 4062 in
1761 3997 1864 4062 his
1913 3995 2508 4061 declamationibus
2544 3996 2659 4058 de-

197 4106 728 4189 prehendantur,
799 4125 970 4186 quae
1042 4126 1191 4170 cum
1249 4107 1665 4188 reprehensis
1712 4105 2068 4171 enuntiatis
2116 4104 2411 4187 quodam
2456 4103 2661 4168 modo

403 4356 444 4420 1)
481 4348 539 4406 L.
577 4354 609 4405 1.
645 4368 695 4422 p.
733 4353 815 4406 28.

410 4446 452 4512 ²)
485 4444 545 4499 L.
582 4447 615 4498 l.
654 4464 706 4514 p.
744 4445 859 4499 222.

407 4540 449 4605 Β)
484 4538 824 4593 Declamatio
858 4538 958 4590 329
995 4554 1118 4591 eum
1158 4537 1360 4605 fugisse
1399 4536 1626 4591 videtur.
