3125 5209
1368 359 1436 413 11

165 508 447 591 gustiaS.
541 509 626 573 At
679 526 1088 590 quamquam
1143 527 1223 572 ex
1267 507 1481 573 verbis
1528 506 1677 573 inst.
1724 512 1887 572 orat.
1933 507 1978 573 I.
2025 526 2319 589 prooem.
2372 513 2407 570 7
2452 507 2641 572 intel-

165 618 417 699 legitur
479 616 758 682 alterum
814 616 971 681 artis
1025 616 1396 681 rhetoricae
1448 616 1691 683 librum
1746 638 1786 681 a
1841 616 2179 699 discipulis
2239 616 2433 681 nullis
2495 616 2647 705 aliis
2657 687 2662 691 ,

167 726 518 818 laboribus
545 726 896 791 interiectis
926 726 1373 808 conscriptum
1411 745 1574 805 esse,
1619 729 1863 805 tamen,
1909 746 2042 808 qua
2068 727 2391 807 integrum
2422 726 2644 794 decla-

169 816 544 900 mationum
593 854 835 917 corpus
882 834 1000 899 fuit
1046 834 1499 916 amplitudine,
1545 835 1632 899 ad
1675 839 1891 900 totum
1935 855 2175 918 corpus
2231 855 2651 923 componen-¹

169 944 339 1008 dum
393 964 530 1008 non
585 943 798 1008 solum
845 943 1064 1025 plures
1120 943 1287 1021 dies,
1353 944 1471 1007 sed
1515 948 1688 1009 certe
1732 944 2102 1026 complures
2148 964 2405 1045 menses
2449 944 2639 1009 adhi-

165 1052 376 1117 bendi
417 1052 705 1119 fuerunt.
753 1052 1233 1130 Quintilianum
1275 1057 1521 1130 autern,
1568 1053 1816 1136 quippe
1846 1054 1959 1136 qui
2001 1056 2077 1118 ut
2105 1074 2305 1136 supra
2331 1054 2638 1133 vidimus,

169 1162 242 1226 in
308 1161 682 1226 erudiendis
742 1161 965 1243 pueris
1017 1159 1312 1227 rhetores
1357 1162 1633 1226 nimium
1681 1163 1993 1245 ponderis
2041 1143 2653 1241 declamationibus}

168 1272 461 1336 tribuere
505 1271 954 1353 compluribus
997 1270 1158 1335 locis
1205 1271 1500 1349 vetuerit,
1546 1292 1666 1355 per
1709 1272 1930 1354 plures
1976 1292 2236 1337 menses
2285 1254 2654 1357 continuos}

174 1380 664 1447 exercitationis
709 1400 912 1444 causa
958 1380 1023 1444 in
1070 1380 1296 1445 schola
1342 1400 1465 1445 sua
1502 1381 2020 1447 declamationes
2056 1382 2340 1447 dictasse
2366 1401 2640 1463 prorsus

174 1492 558 1574 negandum
608 1496 724 1556 est.
813 1491 943 1555 Sed
989 1493 1152 1555 haec
1200 1511 1302 1555 res
1347 1511 1483 1556 non
1529 1491 1781 1571 obstat,
1836 1492 2190 1574 quominus
2245 1492 2365 1557 has
2420 1479 2637 1557 decla-

174 1603 509 1668 mationes
555 1622 655 1680 eo,
703 1621 899 1683 quem
943 1601 1097 1678 dixi,
1145 1601 1346 1666 modo
1385 1605 1567 1665 ortas
1601 1621 1744 1667 esse
1770 1605 2097 1686 putemus.
2158 1600 2639 1679 Quintilianum

172 1713 353 1777 enim
422 1712 754 1777 interdum
823 1710 888 1774 in
963 1710 1192 1775 schola
1269 1710 1785 1777 declamationes
1872 1710 2181 1776 habuisse
2268 1710 2657 1782 statuimus..

171 1821 550 1903 Discipulos
619 1840 775 1885 vero
847 1820 1008 1885 satis
1077 1819 1190 1885 diu
1245 1820 1314 1885 in
1366 1819 1709 1885 rhetorum
1760 1820 1992 1885 'schola
2045 1820 2441 1886 remansisse
2496 1800 2657 1903 ipse‘

174 1930 621 2010 Quintilianus
681 1931 750 1995 in
802 1930 953 1994 inst.
1009 1932 1175 1995 orat.
1232 1930 1308 1994 1¹.
1365 1936 1432 2007 2,
1512 1936 1548 1993 3
1605 1934 1851 2010 narrat,
1907 1930 2020 1994 ubi
2073 1931 2239 1994 haec
2299 1930 2655 2011 legunturt‘

177 2040 437 2123 ,Adulti
475 2038 616 2123 fere
647 2041 849 2124 pueri
891 2040 980 2105 ad
1019 2039 1134 2105 hos
1167 2047 1620 2125 praeceptores
1664 2040 1775 2122 (se.
1808 2040 2117 2123 rhetores)
2147 2039 2662 2135 transferuntur·

174 2157 234 2216 et
288 2149 471 2235 apud
523 2170 625 2215 eos
677 2136 934 2215 iuvenes
986 2151 1176 2216 etiam
1225 2149 1392 2232 faeti
1434 2151 1892 2235 perseverant‘.
1981 2148 2233 2227 Quodsi
2279 2150 2384 2213 cui
2429 2168 2637 2213 unum

172 2261 571 2343 discipulum
616 2263 718 2324 tot
759 2259 1272 2325 declamationes
1301 2260 1643 2341 collegisse
1671 2258 2105 2341 improbatur,
2150 2278 2371 2325 nonne
2397 2263 2633 2341 putare
2650 2318 2659 2341 .,

169 2371 371 2437 nobis
416 2371 566 2436 licet
608 2371 778 2435 duos
825 2370 927 2455 vel
971 2370 1193 2453 plures
1239 2369 1617 2452 discipuloS,
1664 2370 1774 2451 qui
1819 2368 2127 2451 deinceps
2160 2368 2636 2447 Quintilianum

165 2480 653 2545 declamantem
715 2480 1134 2557 audiverant,
1189 2478 1528 2544 collectum
1572 2497 1818 2567 ‘corpus
1864 2477 2189 2543 edidisse?
2276 2478 2413 2543 Etsi
2462 2498 2636 2555 vere,
2654 2554 2665 2565 ὅ

164 2611 316 2657 cum
366 2590 432 2655 in
479 2590 629 2655 inst.
675 2592 840 2655 orat.
904 2588 1141 2655 harum
1188 2572 1749 2653 declamationum
1791 2587 2039 2654 mentio
2085 2607 2223 2652 non
2266 2588 2413 2665 fiat,
2466 2569 2665 2655 veri-'.

168 2700 380 2766 simile
449 2718 587 2764 non
657 2701 758 2763 est
831 2717 944 2764 eas
997 2702 1151 2763 ante
1204 2696 1354 2762 inst.
1409 2699 1573 2761 orat.
1620 2696 2063 2779 compositam
2107 2696 2176 2760 in
2220 2696 2435 2761 lucem
2478 2717 2667 2780 pror.

171 2810 404 2886 diisse‚
465 2812 689 2874 tamen
742 2808 904 2873 nihil
957 2808 1210 2885 obstat,
1268 2808 1628 2890 quominus
1676 2826 1791 2893 eas
1845 2826 1887 2871 a
1950 2806 2275 2889 discipulo
2338 2808 2631 2889 quodam

169 2923 329 3002 post
370 2918 614 2983 editam
659 2917 810 2982 inst.
858 2922 1021 2983 orat.
1068 2916 1313 2999 publici
1358 2917 1517 2981 iuris
1560 2916 1770 2981 factas
1815 2935 1962 2980 esse
1989 2898 2381 2982 statuamus.
2440 2916 2636 2995 Quod

169 3028 316 3093 fieri
381 3027 679 3111 potuisse
723 3027 924 3091 etiam
978 3027 1427 3092 Trabandtius
1480 3027 1671 3106 vidit,
1738 3027 1854 3091 sed
1899 3032 2139 3097 mirum
2182 3048 2328 3094 esse
2373 3029 2529 3094 dicit
2560 3030 2633 3113 1),

171 3140 357 3222 quod
410 3141 516 3205 ille
569 3136 930 3219 discipulus
985 3157 1331 3221 nunquam
1385 3140 1683 3219 magistri
1728 3142 2130 3208 mentionem
2176 3142 2417 3207 fecerit.
2505 3141 2637 3206 Sed

171 3249 375 3331 quid?
399 3287 480 3295 —
509 3249 677 3313 Nam
708 3248 762 3313 si
808 3247 873 3311 in
903 3247 1068 3313 alius
1115 3248 1459 3313 cuiusdam
1502 3236 1784 3314 rhetoris
1829 3250 2057 3316 schola
2102 3271 2216 3316 eas
2262 3254 2441 3316 ortas
2487 3270 2669 3327 esse,

170 3359 432 3438 dixeris,
477 3378 698 3423 nonne
741 3358 976 3423 eodem
1022 3358 1163 3422 iure
1205 3358 1446 3424 mirum
1485 3359 1693 3424 videri
1719 3363 1959 3442 potest,
2004 3361 2185 3443 quod
2218 3361 2361 3427 eius
2389 3381 2659 3426 nomen.

173 3487 312 3533 non
359 3470 960 3532 commemoratur?
1012 3505 1078 3513 —-
1130 3467 1444 3551 Discipuli
1489 3472 1741 3548 autem,
1788 3489 1967 3549 cum,
2014 3490 2186 3553 quae
2229 3490 2269 3535 a
2314 3470 2630 3551 magistro

170 3578 650 3655 declamantur,
738 3577 1098 3659 excipiunt,
1197 3577 1337 3643 eius
1417 3578 1821 3644 mentionem
1901 3580 2115 3646 facere
2194 3601 2330 3646 non
2400 3581 2631 3646 solent.

167 3688 376 3771 Atqui
399 3688 542 3778 ‚has
589 3686 1104 3751 declamationes
1151 3686 1274 3751 hac
1320 3688 1707 3779 condicione
1752 3694 1930 3755 ortas
1976 3709 2191 3773 neque
2225 3693 2463 3773 postea
2490 3710 2632 3755 me-

167 3799 295 3862 lius
350 3796 706 3878 dispositas
771 3814 916 3858 esse
976 3794 1120 3876 ipse
1181 3794 1633 3861 Trabandtius
1694 3798 1761 3862 in
1826 3799 2402 3865 commentationis
2467 3820 2631 3865 suae

169 3910 357 3991 parte
418 3904 610 3970 tertia
678 3903 1156 3985 comprobavit.
1247 3904 1379 3969 Cur
1445 3905 1643 3986 igitur
1685 3907 1741 3971 ei
1788 3906 2029 3972 mirum
2073 3908 2363 3989 videtur,
2425 3911 2627 3993 quod,

169 4016 572 4099 quicumque
633 4013 992 4095 discipulus
1053 4032 1164 4077 eas
1235 4013 1583 4096 intercepit
1652 4021 1713 4080 et
1778 4016 1985 4081 edidit
2036 4018 2331 4098 magistri
2383 4039 2626 4085 nomen

165 4147 306 4192 non
351 4122 935 4193 commemoravit?
2224 4120 2231 4126 ’

338 4235 546 4299 Porro
603 4230 1052 4298 Trabandtius
1107 4251 1186 4297 eo
1231 4234 1649 4316 progreditur
1673 4237 1753 4318 2),
1807 4240 1873 4300 ut
1924 4235 1991 4301 in
2037 4236 2627 4304 declamationibus

165 4347 387 4410 inesse
447 4342 792 4407 ostendere
855 4343 1157 4420 conetur,
1228 4362 1399 4425 quae
1452 4343 1725 4409 omnino
1782 4366 1823 4409 a
1868 4345 2250 4423 Quintiliani
2296 4346 2626 4427 cogitandi

374 4495 415 4557 ¹)
449 4495 509 4548 L.
545 4494 580 4548 l.
616 4494 673 4546 in
711 4510 765 4561 p.
800 4490 881 4545 15.

373 4588 414 4652 ²)
449 4586 509 4639 L.
545 4586 579 4638 1.
613 4602 665 4653 p.
702 4585 765 4638 27
804 4600 923 4652 sqq.
