3125 5209
1357 387 1390 442 7

143 537 296 602 Alia
341 539 538 619 igitur
581 537 960 602 testimonia
1005 538 1384 618 quaerenda
1429 541 1603 613 sunt,
1649 556 1728 600 ex
1774 535 2037 618 quibUS,
2113 555 2245 617 quo
2307 539 2604 617 tempore

157 647 587 730 compositae,
635 667 675 712 a
721 667 874 730 quo>
902 647 1317 728 conscriptae
1361 646 1488 710 sint
1532 649 1871 729 appareat.

314 759 412 822 Ac
475 757 763 839 primum
830 757 1096 838 quidem
1169 760 1447 835 constat,
1520 756 1612 820 ita
1688 775 1800 820 eas
1871 775 2016 820 esse
2086 755 2363 840 scriptas
2410 759 2608 837 atque

145 867 376 948 editaS,
449 871 522 930 ut
591 886 708 949 per
772 866 1187 960 occasionem
1243 886 1283 930 a
1345 866 1662 946 magistro
1730 866 1797 929 in
1858 866 2089 930 schola
2153 865 2414 930 habitae
2458 864 2605 928 sint.

148 975 330 1039 Ordo
377 976 550 1040 enim
608 976 670 1040 in
739 975 1170 1056 disponendis
1240 974 1829 1040 declamationibus
1894 980 1991 1039 est
2052 975 2289 1040 nullus
2378 975 2459 1038 Et
2525 995 2608 1038 ne

145 1085 350 1149 verba
395 1085 685 1167 quidem,
756 1105 926 1166 quae
981 1105 1020 1148 a
1066 1085 1325 1149 rhetore
1369 1084 1739 1167 explicandi
1800 1105 2001 1149 causa
2046 1083 2379 1147 nonnullis
2449 1082 2608 1147 locis

145 1194 488 1260 interiecta
532 1199 736 1272 erant,
797 1214 1115 1276 oppressa
1157 1198 1332 1271 sunt,
1376 1194 1555 1258 velut
1599 1193 1665 1257 in
1712 1215 1773 1276 p.
1819 1195 2091 1276 232,;13
2148 1213 2290 1276 sqq.
2340 1192 2605 1273 legitur:

143 1304 247 1383 ‚Si
291 1325 418 1388 qua
465 1311 669 1383 erunt,
716 1325 877 1388 quae
923 1325 964 1366 a
1007 1325 1104 1368 me
1149 1304 1216 1366 in
1261 1302 1679 1368 divisionibus
1748 1304 2324 1367 controversiarum
2386 1301 2608 1366 dican-

151 1422 264 1475 tur
309 1413 526 1478 eadem
567 1413 992 1498 frequentina,
1037 1413 1375 1496 intelleqite
1413 1413 1560 1495 fieri
1608 1414 1903 1496 primum
1962 1419 2234 1494 propter
2300 1412 2613 1476 interven·

144 1530 280 1585 tum
325 1543 630 1585 novorum
649 1545 674 1601 ,⁰
729 1521 959 1586 deinde
990 1529 1263 1605 propter
1304 1521 1736 1585 condicionem
1782 1520 2253 1604 divisionumffflj
2295 1519 2608 1584 Pluribus

146 1631 368 1694 verbis
408 1629 534 1694 hac
580 1629 662 1693 de
703 1650 772 1694 re
817 1629 1154 1713 disputare
1200 1629 1620 1711 supersedeO,
1695 1650 1842 1693 cum
1916 1633 1978 1692 et
2048 1629 2260 1692 Ritter
2322 1631 2387 1692 et
2441 1629 2609 1692 Tra-

147 1740 462 1804 bandtius
507 1741 675 1804 inter
719 1759 789 1803 se
835 1739 1320 1803 consentientes
1355 1739 1761 1818 argumentis
1807 1759 1952 1802 eam
1999 1737 2424 1821 probaverint
2450 1737 2516 1820 1).

319 1849 674 1913 Contendit
717 1853 939 1912 autem
984 1849 1195 1912 Ritter
1227 1850 1302 1927 ²),
1373 1869 1519 1912 cum
1585 1849 1815 1911 harum
1865 1847 2419 1911 declamationum
2464 1847 2611 1910 the-

144 1963 348 2037 mata,
395 1962 467 2021 ut
527 1957 654 2022 hoc
723 1959 924 2022 verbo
972 1957 1356 2035 Quintiliani
1401 1962 1571 2035 utar,
1630 1977 1763 2020 non
1821 1957 2036 2021 solum
2102 1957 2167 2019 in
2232 1956 2607 2020 universum

145 2069 324 2132 vitae
368 2067 622 2132 veritati
669 2067 1134 2149 respondeant,
1179 2067 1296 2130 sed
1342 2067 1540 2130 etiam
1585 2066 1903 2130 nonnulla
1976 2083 2203 2130 eorum
2272 2069 2386 2129 aut
2428 2065 2611 2128 simi-

143 2179 235 2242 lia
281 2181 396 2242 aut
437 2153 670 2241 eadem
715 2177 864 2256 sint,
913 2195 1084 2258 quae
1129 2176 1196 2239 in
1240 2176 1444 2239 instit.
1490 2180 1653 2240 orat.
1702 2175 1982 2258 exempli
2028 2194 2229 2240 causa
2284 2174 2607 2238 interdum

146 2287 561 2373 attingantur
605 2291 669 2350 et
714 2285 1101 2367 praesertim
1145 2305 1295 2349 cum
1336 2281 1523 2370 'haud
1582 2304 1751 2361 rar0,
1818 2304 1989 2366 quae
2059 2287 2124 2347 in
2196 2284 2610 2348 institutione

145 2402 348 2479 atque
393 2397 458 2460 in
505 2396 1097 2467 declamationibus
1141 2395 1223 2459 de
1267 2396 1499 2460 eadem
1546 2414 1615 2458 re
1664 2395 1841 2458 dicta
1884 2395 2033 2472 sint,
2096 2395 2265 2458 inter
2326 2414 2397 2458 se
2444 2414 2605 2458 con-

145 2512 406 2588 gruant,
454 2527 532 2570 ex
579 2506 960 2584 Quintiliani
1007 2505 1236 2570 schola
1279 2525 1389 2569 eas
1437 2505 1754 2586 originem
1800 2505 2079 2570 duxisse.
2162 2505 2378 2582 Quam
2452 2524 2611 2568 con-

144 2618 467 2680 iecturam
537 2620 609 2679 ut
674 2615 1082 2697 comprobet,
1146 2614 1643 2693 Quintilianum,
1718 2634 1867 2678 cum
1950 2615 2119 2677 duos
2182 2613 2386 2677 libros
2450 2613 2607 2678 artis

145 2725 513 2790 rhetoricae
535 2727 586 2806 ⁸)
659 2729 724 2788 et
800 2743 1140 2788 sermones
1211 2744 1281 2788 se
1339 2725 1603 2789 nolente
1660 2744 1699 2788 a
1770 2723 2107 2805 discipulis
2171 2723 2309 2786 suis
2381 2723 2611 2804 vulga-

140 2841 248 2899 tos
274 2835 329 2918 ⁴)
375 2838 866 2914 commemoret,
913 2834 1036 2898 has
1083 2834 1596 2898 declamationes
1653 2833 2043 2913 intellegere,
2104 2833 2297 2896 nobis
2343 2840 2643 2916 persua-'

143 2945 301 3008 dere
346 2945 568 3008 studet
592 2944 690 3027 ⁵).⁴

317 3054 447 3118 Sed
491 3054 638 3119 licet
685 3056 1077 3134 argumenta
1118 3053 1350 3118 harum
1401 3053 1957 3118 declamationum
2008 3053 2074 3115 in
2111 3052 2188 3115 iis
2232 3051 2431 3116 rebus
2466 3071 2611 3114 ver-

144 3168 396 3240 sentur,
439 3183 609 3245 quae
667 3164 754 3227 ad
811 3163 984 3227 vitae
1050 3183 1243 3227 usum
1315 3149 1662 3244 pertinent,
1745 3183 1824 3226 eo
1880 3163 2007 3226 hoc
2051 3163 2267 3226 solum
2315 3160 2611 3237 efficitur,

141 3273 362 3336 virum
407 3291 609 3336 sanae
655 3271 892 3336 mentis
938 3291 1049 3335 eas
1104 3271 1576 3353 composuisse.
1665 3273 2079 3335 Consensum
2141 3288 2299 3334 vero
2364 3273 2477 3333 aut
2522 3270 2611 3332 si-

141 3381 581 3446 militudinem
624 3401 986 3463 paucorum
1046 3380 1412 3445 thematum
1469 3380 1629 3443 nihil
1692 3380 1776 3443 ad
1837 3379 2155 3460 originem
2211 3399 2439 3443 earum
2513 3379 2613 3442 in-

141 3491 522 3572 dagandam
605 3493 824 3555 valere
887 3491 1028 3573 ipse
1106 3491 1316 3554 Ritter
1386 3489 1703 3567 concedit,
1776 3509 1923 3553 cum
1987 3489 2053 3553 in
2118 3508 2357 3553 comm.
2424 3508 2484 3570 p.
2535 3493 2613 3552 78

143 3585 336 3664 dicit}
410 3601 598 3664 Demi
644 3602 824 3664 meist
867 3599 1068 3663 haben
1113 3601 1181 3662 ia
1248 3585 1360 3662 'die
1431 3599 1897 3663 declamatorem
1965 3599 2104 3662 ihre
2175 3597 2417 3662 themen
2485 3597 2614 3661 sich

141 3709 319 3772 nicht
361 3709 549 3774 selbst
594 3708 935 3790 erstanden,
979 3709 1264 3772 sondern
1307 3708 1516 3790 liinqst
1553 3707 2037 3790 qebrc'iucklicke
2097 3707 2278 3790 stoffe
2323 3727 2443 3769 aus
2472 3707 2611 3771 dem

142 3819 399 3883 schrein
454 3819 570 3884 der
622 3819 834 3882 sehale
875 3818 1336 3902 herausyeholt‚
1383 3817 1520 3880 und
1567 3837 1630 3881 es
1675 3817 1851 3880 kann
1895 3816 2027 3879 sich
2100 3817 2238 3880 also
2314 3837 2433 3879 aus
2504 3816 2619 3880 der

143 3928 319 3992 wahl
364 3928 473 3992 des
518 3927 734 4010 stoffes
777 3948 906 3990 nur·
950 3928 1044 3992 bis
1089 3948 1173 3990 zu
1238 3927 1434 3990 einem
1500 3927 1648 3990 sehr
1693 3926 2171 4000 ‚beschrc'inlcten
2236 3924 2443 4009 qrade
2514 3925 2619 3988 die

351 4148 392 4216 1)
429 4147 509 4201 Cf.
568 4146 765 4202 Ritteri
827 4163 1024 4200 comm.
1088 4163 1139 4213 p.
1200 4145 1302 4199 246
1365 4160 1485 4212 sqq.
1539 4144 1608 4210 ἓξ
1658 4143 1708 4208 4,
1760 4144 1808 4208 5,
1864 4145 1911 4206 6,
1970 4149 2025 4196 et
2062 4142 2389 4196 Trabandtii
2428 4159 2607 4197 comm

139 4261 195 4312 p.
232 4241 302 4294 32
335 4258 452 4310 sqq.

351 4336 392 4398 ²)
430 4349 481 4402 p.
516 4333 771 4400 22245qq.

353 4425 394 4492 ⁸)
429 4425 510 4478 Cf.
551 4425 674 4478 inst.
700 4429 846 4477 orat.
881 4424 910 4477 1
945 4439 1187 4492 prooem.
1222 4423 1268 4475 7.

351 4518 396 4584 ⁴)
433 4517 512 4572 Cf.
549 4516 676 4570 inst.
712 4521 848 4569 orat.
884 4517 974 4570 ΠΙ.
1007 4515 1056 4578 6,
1091 4515 1176 4569 68.

349 4610 394 4678 ⁶)
429 4611 488 4664 L.
524 4610 559 4664 l.
595 4625 648 4678 p.
685 4609 801 4674 255,
837 4609 870 4676 ἓ
911 4609 989 4662 10.
