3125 5209
1552 348 1751 411 -30

657 502 916 571 Codicis
982 503 1040 570 A
1105 504 1516 587 corruptelae
1581 525 1813 570 omnes
1856 505 2020 570 tales
2066 508 2249 585 sunt,
2310 506 2384 569 ut
2426 500 2608 569 nullo
2656 503 2803 570 loco
2848 503 2950 569 in-

486 614 943 695 terpolationis
1004 612 1293 697 suspicio
1353 618 1713 679 moveatur.
1827 615 2039 697 Saepe
2107 614 2323 679 littera
2390 615 2611 696 aliqua
2680 615 2949 694 omissa,

487 742 688 806 saepe
734 743 1000 809 quoque
1044 722 1270 787 addita
1316 726 1432 785 est.
1521 722 1742 804 Atque
1801 743 1946 787 cum
2013 724 2255 788 codicis
2301 724 2350 787 C
2395 724 2730 801 librariUS,
2800 724 2949 789 ubi-

490 852 752 914 cunque
797 832 1151 913 neglegens
1197 830 1334 908 fuit,
1382 832 1661 896 formam
1710 832 1943 896 saltem
1978 832 2283 897 Latinam
2328 833 2834 911 conservaverit,
2883 833 2949 895 in

496 940 723 1006 codice
765 941 826 1005 A
872 941 1196 1005 interdum
1261 941 1611 1005 verborum
1678 940 2002 1005 deformia
2059 946 2393 1017 monstra,
2464 946 2532 1004 ut
2578 942 2670 1005 ita
2714 942 2951 1019 dicam,

493 1050 932 1115 inveniuntur.
1023 1050 1224 1140 Cuius
1290 1050 1382 1113 rei
1427 1049 1592 1113 haec
1636 1050 1937 1132 exempla
1986 1050 2239 1131 collegi:

1287 1234 1345 1296 A
2150 1234 2258 1299 BC

1015 1350 1119 1423 35,
1163 1348 1242 1407 23
1286 1344 1349 1426 ᾇ.
1396 1344 1716 1426 obstrupo
1956 1343 2138 1425 quod
2199 1348 2431 1425 stupro

1015 1460 1114 1532 97,
1159 1459 1196 1515 8
1286 1453 1577 1517 coranda
1948 1452 2243 1518 curanda

975 1569 1114 1641 101,
1163 1568 1198 1624 6
1289 1562 1625 1625 termentis
1957 1563 2302 1626 tormentis

966 1678 1104 1751 103,
1157 1678 1232 1735 19
1279 1691 1550 1736 causum
1955 1691 2229 1735 causam

973 1786 1112 1860 106,
1162 1786 1241 1843 14
1284 1781 1655 1845 valetunem
1965 1780 2405 1846 valetudinem

663 1940 801 2005 Iam
851 1940 1137 2004 vidimus
1183 1939 1600 2022 neglegentes
1646 1940 1846 2004 fuisse
1901 1940 2202 2004 codicum
2271 1939 2331 2003 A
2377 1944 2441 2004 et
2506 1940 2555 2003 C
2624 1941 2949 2018 librarios,

487 2050 604 2113 sed
649 2049 856 2113 multo
903 2048 1352 2129 neglegentior
1394 2049 1729 2132 putandus
1774 2054 1875 2113 est
1918 2050 1997 2131 is,
2077 2050 2190 2131 qui
2252 2048 2493 2113 librum
2537 2050 2587 2113 B
2636 2050 2949 2115 exaravit.

485 2158 773 2223 Numero
820 2158 994 2222 enim
1036 2158 1333 2222 locorum
1377 2163 1841 2240 corruptorum
1885 2158 1992 2222 hic
2034 2158 2197 2223 liber
2258 2158 2440 2222 solus
2510 2158 2746 2223 ambos
2813 2158 2953 2222 fere

491 2268 751 2332 codices
795 2267 855 2331 A
901 2271 966 2331 et
1011 2267 1060 2330 C
1107 2268 1510 2350 aequiperat,
1576 2289 1745 2350 quos
1790 2288 2019 2333 omnes
2064 2268 2298 2332 afferre
2340 2267 2610 2349 longum
2657 2272 2773 2332 est.
2860 2268 2951 2331 Hi

490 2376 679 2459 pauci
729 2376 1076 2445 sufficiant.
1165 2376 1237 2439 In
1286 2376 1509 2441 codice
1553 2377 1614 2441 A
1644 2382 1877 2459 quater
1904 2380 1950 2460 ¹)
1997 2381 2063 2440 et
2105 2376 2172 2440 in
2219 2376 2269 2441 C
2316 2384 2550 2458 quater
2578 2377 2627 2459 ²)
2656 2377 2955 2451 vocabu-

492 2486 629 2551 lum
677 2486 946 2567 aliquod
991 2485 1192 2553 deest.
1243 2487 1424 2567 quod
1467 2486 1533 2549 in
1581 2486 1813 2553 ceteris
1864 2486 2201 2550 codicibus
2246 2487 2493 2568 legitur.
2582 2486 2655 2549 In
2726 2486 2957 2550 codice

487 2596 540 2661 B
587 2597 805 2659 autem
854 2594 1096 2658 ‘similes
1141 2594 1416 2675 viginti
1463 2595 1819 2678 quinque
1864 2596 2138 2661 lacunae
2182 2598 2457 2659 exstant.
2544 2595 2712 2658 Sunt
2773 2594 2953 2658 enim

490 2703 558 2767 in
607 2722 686 2767 eo
735 2707 1008 2767 contra
1052 2703 1282 2767 fidem
1329 2704 1679 2768 codicum
1749 2705 1811 2768 A
1866 2709 1937 2767 et
1982 2704 2034 2769 C
2081 2704 2373 2769 omissa:
2446 2710 2546 2783 35,
2589 2711 2665 2766 14
2731 2704 2955 2786 portio

487 2850 570 2861 --
615 2818 714 2891 87,
748 2817 826 2875 14
870 2813 924 2875 si
975 2848 1047 2859 --
1096 2818 1196 2891 87,
1246 2818 1322 2875 18
1368 2817 1466 2877 est
1541 2851 1614 2860 —-
1680 2821 1778 2893 91,
1825 2820 1863 2877 5
1926 2818 2027 2878 est
2074 2850 2133 2861 --
2223 2820 2324 2891 91,
2382 2820 2459 2877 13
2528 2833 2799 2896 possum
2864 2851 2943 2859 —

490 2928 589 3001 91,
642 2927 716 2985 19
763 2941 840 2985 ac
885 2958 966 2967 -—
1013 2927 1112 3000 92,
1161 2927 1196 2984 9
1243 2941 1416 3003 quae
1459 2923 1777 3006 professio
1832 2961 1913 2969 —
1972 2928 2072 3002 92,
2122 2929 2199 2986 13
2246 2923 2332 2987 sit
2360 2923 2411 3006 ³)
2459 2962 2532 2969 --
2609 2927 2709 3001 94,
2761 2928 2837 2984 12
2884 2927 2953 2986 01

492 3066 567 3079 -·-
615 3035 716 3109 95,
746 3038 797 3094 .1
847 3050 991 3095 esse
1035 3068 1116 3077 —-
1162 3037 1262 3111 95,
1310 3038 1385 3095 16
1431 3052 1630 3097 1101110
1680 3071 1755 3079 -
1805 3037 1904 3112 95,
1951 3038 2030 3095 22
2079 3032 2235 3115 quid
2290 3037 2391 3096 est
2446 3032 2821 3114 eloquentia
2864 3068 2951 3076 —

491 3146 592 3219 96,
631 3144 666 3203 9
713 3140 964 3205 accisas
1013 3177 1090 3185 ——
1139 3146 1236 3220 96,
1285 3147 1529 3204 20-21
1580 3142 1741 3205 satis
1795 3147 1934 3205 erat
1982 3179 2059 3187 —
2107 3148 2247 3221 100,
2295 3147 2377 3204 24
2420 3142 2599 3223 quod
2628 3178 2709 3185 —
2741 3145 2883 3218 104,
2912 3146 2952 3203 8

491 3250 706 3314 solum
755 3287 832 3295 —
884 3254 1024 3329 104,
1075 3255 1151 3311 17
1196 3250 1479 3332 raptoris
1521 3291 1609 3301 —
1665 3256 1804 3329 105,
1871 3257 1943 3314 11
2020 3251 2458 3333 patrocinium
2534 3288 2609 3297 —--
2678 3255 2819 3328 105,
2869 3256 2951 3311 13

488 3375 621 3424 non·
671 3396 749 3405 —-
798 3364 938 3438 106,
987 3364 1064 3421 23
1113 3360 1294 3441 quod
1338 3396 1422 3407 ——
1469 3365 1611 3438 108,
1662 3366 1910 3423 13—14
1970 3380 2106 3426 non
2176 3359 2469 3425 habeant
2524 3396 2601 3405 --
2678 3365 2816 3437 109,
2868 3364 2951 3421 13

491 3472 592 3531 est
635 3508 721 3519 —-
768 3474 909 3545 110,
957 3474 991 3531 6
1039 3472 1154 3532 aut
1202 3506 1276 3515 -—
1325 3474 1465 3549 110,
1510 3475 1547 3533 8
1594 3470 1825 3534 Sermo
1848 3471 1902 3554 4)
1952 3475 2091 3549 112,
2138 3474 2217 3532 26
2262 3488 2503 3533 meum.

658 3602 866 3667 Paulo
914 3602 1178 3683 gravius
1223 3622 1302 3668 eo
1349 3604 1680 3669 interdum
1711 3604 2035 3669 alibrario
2055 3609 2403 3686 peccatum
2429 3607 2546 3682 est,
2568 3602 2751 3685 quod
2780 3622 2951 3687 pro-

492 3710 724 3792 pinqui
769 3711 1042 3775 alicuius
1087 3712 1392 3777 vocabuli
1437 3714 1540 3777 vel
1584 3715 1798 3779 forma
1841 3714 1943 3777 vel
1970 3733 2138 3778 sono
2164 3717 2398 3795 captus
2423 3712 2815 3794 exemplaris
2846 3712 2955 3775 sui

489 3818 802 3883 lectiones
847 3821 1277 3885 commutavit
1323 3820 1859 3906 depravavitque,
1906 3838 2055 3887 cum
2100 3821 2296 3905 plane
2352 3840 2581 3885 verum
2652 3821 2953 3884 invenia-

487 3932 596 3991 tur
639 3928 707 3991 in
751 3927 1088 3993 AC·velut
1129 3930 1391 4013 legitur:

692 4198 732 4262 ¹)
767 4198 880 4251 101.
916 4198 951 4251 8
986 4204 1037 4252 et
1072 4227 1138 4237 —-
1173 4199 1288 4263 107,
1323 4200 1394 4253 24
1427 4216 1515 4253 1110
1552 4227 1619 4237 -
1656 4200 1769 4266 109,
1808 4199 1873 4252 15
1907 4199 2035 4255 fecit
2068 4230 2133 4241 —
2170 4198 2285 4264 104,
2304 4201 2353 4254 6
2390 4197 2462 4253 sit
2498 4228 2579 4251 -.

694 4317 734 4382 ²)
769 4316 854 4381 87,
891 4317 920 4369 7
959 4316 1096 4369 mihi
1142 4345 1206 4353 -—
1244 4317 1358 4379 106,
1397 4318 1462 4370 15
1497 4323 1769 4385 raptae—
1807 4318 1848 4383 ⁸)
1887 4318 2324 4383 101,4quare-
2367 4317 2480 4381 108,
2518 4316 2589 4369 20
2621 4332 2711 4369 me
2764 4345 2811 4353 ‡-
2850 4315 2955 4368 110

495 4407 668 4461 9-10
701 4407 818 4461 Illis
856 4410 1196 4476 argumentis
1253 4409 1508 4463 adiuvari
1542 4412 1682 4464 solet
1718 4411 1855 4464 haec
1891 4410 2159 4477 quaestio
2214 4408 2553 4463 Declamatio
2590 4438 2655 4445 --

688 4526 732 4593 ⁴)
769 4526 846 4579 Cf.
883 4526 936 4578 h.
976 4542 1172 4579 comm.
1209 4542 1261 4595 p.
1299 4527 1363 4579 19
1399 4532 1453 4581 01
1487 4528 1570 4581 20.
