3125 5209
1678 374 1749 430 26

487 528 584 589 est
629 544 845 607 neque
887 524 1028 590 fieri
1071 527 1319 607 potest,
1388 528 1462 589 ut
1519 544 1599 589 ex
1646 544 1724 589 ea
1768 525 1965 589 huius
2008 524 2154 589 libri
2202 524 2484 617 pretium
2532 528 2707 589 recte
2752 526 2967 590 aesti-

488 638 720 699 metur.

653 769 824 849 Ergo
879 763 964 833 ad
1017 787 1239 833 veram
1295 767 1536 832 codicis
1594 767 1643 831 C
1700 767 2157 832 condicionem
2203 768 2731 847 cognoscendam
2778 788 2969 834 nova

485 877 832 965 collatione
880 897 1047 959 opus
1093 881 1213 941 est.
2240 864 2245 869 ’

658 1012 860 1076 Valde
903 1012 1101 1093 igitur
1145 1014 1519 1093 gauderem,
1568 1011 1624 1075 si
1668 1032 1738 1075 re
1782 1030 1956 1087 vera,
2002 1015 2075 1076 ut
2110 1010 2342 1074 Ritteri
2371 1009 2677 1075 editionis
2715 1032 2966 1076 censor

483 1120 592 1185 ille
639 1141 1032 1204 anonymuS,
1106 1122 1188 1185 de
1235 1140 1366 1203 quo
1413 1121 1478 1184 in
1524 1120 1590 1185 h.
1638 1139 1877 1184 comm.
1925 1140 1987 1201 p.
2037 1126 2073 1182 6
2120 1119 2376 1183 locutus
2422 1138 2601 1198 sum,
2651 1121 2966 1201 suspica-

484 1234 609 1297 tur.
657 1230 1210 1295 declamationum
1255 1229 1454 1293 editio
1501 1230 1842 1311 princepS,
1910 1248 2079 1310 quae
2122 1247 2299 1292 anno
2349 1233 2513 1291 1494
2556 1228 2847 1293 Parmae
2896 1230 2967 1293 in

483 1339 694 1403 lucem
742 1339 1002 1423 prodiit,
1047 1359 1125 1402 ex
1171 1339 1396 1403 codice
1442 1339 1492 1403 C
1537 1338 1849 1402 fluxisset.
1922 1338 2090 1402 Nam
2138 1339 2275 1401 tum
2326 1356 2407 1401 ex
2434 1337 2605 1402 illius
2642 1338 2967 1403 editionis

482 1448 872 1512 lectionibus
919 1449 1000 1512 de
1045 1448 1341 1528 neglecta
1387 1447 1631 1512 codicis
1678 1447 1728 1511 C
1774 1451 1979 1528 parte,
2026 1447 2080 1511 si
2131 1466 2269 1511 non
2304 1450 2626 1526 accurate,
2657 1452 2967 1512 attamen

491 1557 558 1620 in
621 1556 1003 1621 universum
1059 1556 1346 1622 iudicare
1407 1556 1603 1622 nobis
1641 1557 1881 1620 liceret.
1972 1556 2105 1620 Sed
2149 1556 2314 1620 haec
2360 1575 2511 1637 spes
2557 1576 2663 1620 me
2707 1556 2962 1621 fefellit.

488 1667 906 1748 Quamquam
955 1666 1126 1730 enim
1174 1686 1254 1731 ex
1299 1666 1396 1745 iis,
1443 1686 1617 1748 quae
1659 1665 1873 1730 Ritter
1916 1664 1983 1729 in
2030 1665 2135 1729 ed.
2178 1665 2381 1746 praef.
2428 1686 2492 1748 p.
2540 1666 2665 1729 XV
2710 1666 2790 1729 de
2821 1667 2961 1731 hac

484 1756 572 1839 re>
600 1775 789 1852 dicit,
849 1776 1277 1840 Parmensem
1347 1775 1703 1839 editionem
1750 1775 2017 1838 fluxisse
2060 1794 2141 1839 ex
2187 1775 2415 1838 codice
2458 1775 2511 1838 B
2556 1794 2963 1856 persuasum

483 1904 618 1947 non
661 1884 1015 1963 habebam,
1054 1889 1297 1961 tamen,
1343 1888 1697 1966 postquam
1745 1882 1906 1947 mihi
1944 1883 2235 1963 contigit.
2281 1888 2355 1946 ut
2386 1881 2560 1948 hanc
2588 1882 2958 1947 editionem

485 1993 892 2076 inspicerem,
961 1994 1147 2058 facile
1194 1993 1474 2058 intellexi
1519 1992 1845 2058 artissime
1890 2012 2034 2056 eam
2083 2011 2443 2073 congruere
2488 2012 2636 2055 cum
2672 1993 2743 2071 B,
2787 2012 2956 2057 cum

488 2122 528 2165 a
575 2102 624 2165 C
669 2102 886 2167 aliena
931 2104 1031 2167 sit.

653 2237 846 2315 Quod
901 2238 1130 2319 paucis
1195 2237 1516 2301 illustrare
1574 2237 1737 2301 mihi
1796 2236 2005 2300 liceat.
2124 2236 2554 2299 Inveniuntur
2614 2237 2788 2299 enim
2854 2237 2963 2300 vi-

487 2346 647 2427 ginti
694 2347 982 2428 quinque
1029 2346 1189 2423 loci,
1266 2346 1505 2428 quibus
1575 2367 1614 2411 a
1675 2346 1901 2409 codice
1968 2346 2017 2408 Β
2065 2349 2296 2409 contra
2339 2346 2536 2409 fidem
2582 2349 2962 2411 ceterorum

487 2454 804 2520 librorum
864 2456 992 2519 hoc
1045 2457 1145 2520 vel
1205 2456 1361 2520 illud
1423 2455 1819 2519 vocabulum
1895 2453 2219 2518 omittitur
2250 2455 2321 2537 ¹).
2435 2454 2617 2531 Quas
2678 2454 2962 2519 lacunas

488 2584 716 2628 omnes
784 2564 849 2627 in
903 2564 1190 2630 editione
1257 2564 1599 2628 Parmensi
1680 2562 1958 2645 repperi.
2082 2562 2394 2627 Similiter
2461 2563 2702 2639 verba,
2778 2582 2960 2643 quae

489 2693 550 2755 p.
601 2678 703 2751 93,
750 2680 912 2737 6—7
956 2675 1009 2738 Β
1055 2678 1284 2738 contra
1327 2673 1530 2736 fidem
1576 2672 1880 2736 codicum
1924 2673 1983 2735 A
2030 2677 2094 2735 et
2142 2671 2191 2735 C
2238 2670 2511 2748 addidit,
2559 2670 2625 2735 in
2654 2672 2779 2736 hac
2811 2672 2961 2736 edi-

485 2784 666 2847 tione
698 2787 1002 2847 accurate
1032 2802 1348 2866 expressa
1392 2786 1566 2846 sunt.
1632 2780 1787 2845 Loci
1839 2800 1995 2845 vero
2040 2781 2108 2844 in
2151 2780 2214 2845 h.
2260 2800 2499 2845 comm.
2546 2800 2609 2862 p.
2656 2787 2735 2842 22
2780 2784 2847 2845 et
2874 2788 2957 2844 23

484 2891 866 2975 enumerati,
902 2892 1141 2973 quibus
1170 2892 1230 2955 A
1257 2896 1320 2955 et
1340 2891 1392 2954 Β
1425 2891 1492 2954 in
1521 2891 1768 2955 malam
1787 2893 2044 2971 partem
2068 2894 2299 2954 contra
2328 2889 2378 2952 C
2412 2888 2683 2965 faciunt,
2719 2908 2959 2953 omnes

487 2999 553 3063 in
599 3000 885 3065 editione
929 2999 1272 3065 Parmensi
1319 2999 1557 3063 iisdem
1599 2999 1829 3063 litteris
1879 2998 2103 3079 scripti
2149 2996 2751 3080 deprehenduntur,
2802 2998 2957 3082 qui-

493 3110 618 3174 bus
663 3110 731 3173 in
773 3110 833 3173 A
877 3114 941 3173 et
984 3111 1037 3174 B
1082 3113 1344 3191 praeter
1386 3108 1532 3174 illos
1580 3108 1747 3172 duos
1790 3128 1853 3189 p.
1900 3114 1999 3184 91,
2045 3114 2085 3169 4
2131 3113 2196 3170 et
2234 3114 2269 3169 6
2309 3107 2423 3171 ubi
2456 3106 2715 3171 mendis
2742 3108 2957 3188 scrip-

485 3223 673 3284 turae
718 3219 1021 3283 correctis
1076 3238 1228 3283 cum
1291 3218 1517 3283 codice
1577 3217 1627 3282 C
1690 3216 1993 3299 congruit
2024 3217 2095 3296 2).
2185 3216 2472 3280 Possum
2536 3216 2746 3280 multa
2816 3215 2951 3281 alia

489 3332 880 3410 argumenta
924 3329 1190 3407 afferre,
1254 3327 1372 3391 sed
1416 3347 1495 3391 ex
1539 3327 1672 3406 his,
1736 3346 1908 3409 quae
1953 3325 2175 3404 attuli,
2248 3316 2409 3390 satis
2454 3325 2613 3389 mihi
2661 3326 2956 3407 intellegi

486 3456 684 3519 posse
731 3436 988 3502 videtur
1027 3458 1108 3502 ex
1153 3436 1378 3502 codice
1441 3435 1490 3501 C
1555 3436 1910 3501 editionem
1970 3435 2400 3500 Parmensem
2446 3434 2767 3516 originem
2810 3454 2953 3499 non

487 3546 775 3611 duxisse.

662 3681 850 3759 Quae
892 3701 1044 3746 cum
1088 3650 1181 3745 ita
1224 3681 1374 3757 sint,
1418 3680 1486 3744 id
1513 3680 1748 3746 saltem
1776 3680 1969 3744 nobis
2001 3680 2333 3760 agendum
2382 3682 2500 3760 est,
2546 3682 2636 3757 ut,
2669 3697 2842 3762 quae
2872 3699 2955 3743 ex

491 3790 661 3854 notis
709 3790 954 3855 codicis
1013 3790 1063 3854 C
1125 3789 1514 3854 lectionibus
1583 3790 1663 3853 de
1719 3788 2110 3854 auctoritate
2170 3788 2307 3852 eius
2379 3788 2596 3869 colligi
2668 3788 2957 3870 possint,

489 3918 910 3982 quaeramus

689 4171 731 4236 ι)
767 4169 847 4223 Cf.
884 4171 936 4224 h.
973 4185 1170 4223 comm.
1207 4186 1260 4238 p.
1295 4168 1378 4223 30.

686 4262 728 4330 ²)
763 4262 982 4315 Talium
1015 4262 1317 4330 scripturae
1352 4260 1681 4314 mendorum
1715 4259 1786 4311 ab
1822 4258 2069 4326 Ugolet0,
2114 4257 2209 4326 qui
2248 4257 2393 4309 hanc
2445 4254 2749 4308 editionem
2794 4269 2954 4308 cura-

487 4354 582 4420 vit,
617 4355 913 4409 nonnullas
946 4360 1214 4408 correctas
1247 4371 1382 4417 esse,
1419 4369 1485 4406 ex
1522 4350 1642 4405 eius
1677 4351 1849 4419 ipsius
1885 4352 2068 4406 verbis
2106 4354 2346 4421 apparet.
2418 4347 2563 4401 Dicit
2598 4347 2828 4401 enimin
2863 4348 2952 4401 ed.

488 4463 538 4515 p.
577 4446 602 4500 I
634 4447 1007 4514 ‚Com-eximus
1063 4450 1226 4499 etiam
1274 4445 1543 4498 nonnulla
1600 4446 1736 4495 vitia
1782 4444 2163 4507 librariorum,
2218 4448 2523 4507 temporum
2571 4456 2919 4508 nequaquam
2938 4458 2957 4491 .-

489 4542 664 4591 multa
699 4541 906 4592 intacta
942 4541 1234 4604 omisimus,
1271 4554 1336 4589 ne
1367 4538 1514 4603 forte
1545 4538 1721 4603 magis
1754 4536 2213 4602 depravaremus‘.
