3125 5209
1664 339 1737 392 28

456 487 694 551 lescens
739 489 998 571 putavit
1060 509 1197 551 eam
1266 508 1395 552 esse
1449 508 1641 572 quam
1685 496 1998 572 rapuerat
2046 536 2058 549 .
2108 487 2259 550 duci
2304 506 2443 550 eum
2487 485 2676 548 iussit
2720 481 2941 565 Μαρί-

457 601 703 660 stratus
751 646 764 660 .
806 604 1028 680 postea
1072 604 1457 680 compertum
1529 605 1645 678 est,
1710 596 1866 680 quid
1920 595 2256 660 accidisset
2302 644 2315 656 .
2356 601 2697 657 accusatur
2736 597 2943 676 pater

469 705 639 789 quod
683 727 880 768 causa
924 707 1145 768 mortis
1183 705 1430 787 fuerit‘.
1520 707 1721 769 Pater
1765 708 1985 769 autem
2025 725 2095 768 se
2150 703 2509 767 defendens
2556 701 2729 780 dicit,
2776 720 2944 764 cum

455 812 598 893 lege
642 813 1152 894 praescribatur,
1198 818 1299 878 ut:
1361 816 1496 898 ,qui
1540 834 1739 877 causa
1785 815 2009 876 mortis
2049 812 2273 894 fuerit,
2320 811 2525 894 capite
2556 809 2941 894 puniatur&

456 941 728 987 causam
771 923 1003 986 mortis
1052 923 1116 986 id
1159 924 1375 987 solum
1421 923 1929 1004 intellegendum
1977 941 2145 1002 esse,
2206 922 2385 1003 quod
2441 919 2694 985 homini
2740 939 2941 982 mor-

453 1037 588 1096 tem
635 1033 940 1110 attulerit,
986 1053 1119 1114 quo
1165 1034 1366 1096 homo
1414 1033 1741 1115 periturus
1785 1031 1997 1109 fuerit,
2045 1031 2298 1096 etiamsi
2347 1029 2507 1095 nihil
2554 1029 2693 1112 ipse
2729 1029 2941 1092 fecis-

455 1144 571 1204 set.
699 1141 948 1204 Deinde
1018 1141 1228 1206 fusius
1299 1142 1609 1225 exponit,
1682 1163 1791 1220 e0,
1868 1141 2047 1224 quod
2116 1140 2259 1224 ipse
2336 1139 2587 1217 fecerit,
2661 1157 2778 1219 per
2864 1156 2943 1200 se

454 1254 738 1314 mortem
781 1250 1033 1315 homini
1080 1252 1297 1316 afferri
1342 1272 1476 1315 non
1535 1251 1850 1334 potuisse.
1938 1251 2159 1332 Atque
2218 1270 2369 1330 ,non
2420 1269 2686 1332 possum
2759 1252 2939 1330 eryo‘

453 1359 666 1442 inquit
725 1381 946 1441 ,causa
1006 1362 1230 1424 mortis
1279 1361 1522 1424 homini
1576 1360 1819 1442 fuisse‘.
1919 1361 2066 1424 Jam
2136 1362 2502 1440 sequuntur
2547 1377 2625 1420 ea
2694 1355 2935 1432 verba,

455 1469 539 1532 de
583 1468 824 1550 quibus
869 1470 1145 1549 agimus,
1235 1472 1330 1534 Ac
1376 1470 1663 1553 primum
1708 1469 1867 1533 mihi
1914 1468 2212 1550 displicet
2254 1468 2323 1532 in
2352 1467 2655 1531 codicum
2682 1466 2740 1528 A
2770 1468 2846 1527 et
2877 1465 2934 1526 B

455 1578 730 1642 lectione
774 1579 1224 1662 interrogatio,
1269 1580 1449 1664 ,quid
1487 1579 1682 1661 feci?‘
1714 1629 1729 1658 ,
1799 1598 1957 1642 nam
2028 1577 2275 1661 aliquid
2345 1597 2414 1640 se
2480 1576 2705 1640 fecisse
2774 1575 2938 1655 ipse

456 1692 652 1752 antea
741 1689 1080 1752 concessit.
1196 1689 1478 1768 Deinde,
1549 1708 1701 1752 cum
1768 1687 2091 1769 imprimis
2163 1687 2231 1751 id
2300 1692 2480 1770 agat,
2559 1688 2662 1763 ut,
2735 1683 2936 1766 quod

454 1797 705 1874 fecerit,
751 1798 996 1879 raptori
1045 1798 1133 1861 illi
1179 1798 1519 1862 innoxium
1567 1799 1764 1862 fuisse
1810 1798 2245 1873 demonstret,
2324 1799 2477 1861 ante
2520 1793 2937 1859 vocabulum

453 1907 795 1971 Innoxium
839 1908 1101 1972 dativus
1148 1910 1248 1989 ,ei‘
1293 1909 1394 1972 vel
1439 1909 1583 1989 ,ἱίἰὶί
1628 1907 2060 1972 desideratur.

625 2017 812 2094 Quae
842 2017 1241 2081 offensiones
1286 2018 1353 2080 in
1397 2018 1639 2081 codicis
1687 2016 1737 2081 G
1781 2018 2103 2099 scriptura
2157 2016 2426 2081 minime
2472 2014 2926 2079 inveniuntur.

455 2126 625 2191 Nam
669 2145 819 2190 cum
863 2125 930 2188 in
976 2145 1052 2189 eo
1082 2127 1354 2207 legatur,
1399 2126 1585 2210 ,quid
1624 2126 1755 2208 feci
1798 2126 1967 2210 quod
2012 2127 2113 2188 illi
2139 2126 2399 2189 noxium
2449 2131 2605 2204 erat,
2650 2125 2707 2186 si
2752 2123 2933 2186 nihil

458 2236 568 2299 ille
640 2235 962 2317 fecisset?‘
1030 2235 1136 2316 his
1192 2235 1408 2298 verbis
1467 2234 1595 2298 hoc
1642 2235 2067 2315 significatur,
2139 2233 2327 2316 ,nihil
2368 2233 2516 2315 feci,
2584 2232 2751 2318 quod
2817 2233 2931 2295 illi

455 2347 718 2408 noxium
753 2351 909 2427 erat,
957 2347 1016 2406 si
1043 2345 1206 2407 nihil
1250 2344 1356 2407 ille
1395 2345 1691 2427 fecisset‚‘
1738 2365 1911 2426 quae
1957 2343 2283 2408 sententia
2326 2341 2543 2406 verbis
2590 2359 2761 2422 quae
2806 2361 2923 2404 se-

457 2457 749 2536 quuntur
791 2454 1160 2518 accuratius
1201 2453 1562 2534 explicatur

625 2564 768 2627 Jam
816 2583 970 2626 vero
1017 2583 1078 2645 p.
1129 2569 1278 2641 370,
1356 2570 1427 2625 11
1455 2613 1469 2640 ,
1548 2563 1652 2626 cui
1699 2563 1845 2627 loco
1890 2567 1962 2625 ut
2007 2563 2356 2644 desperato
2404 2562 2614 2627 Ritter
2657 2560 2927 2642 signum

453 2677 536 2754 -Ι-
599 2672 983 2754 adscripsit,
1083 2672 1330 2737 codicis
1394 2673 1444 2737 C
1517 2672 1778 2736 lectioni
1843 2672 2225 2756 ,probatum‘
2294 2671 2451 2735 nihil
2516 2671 2925 2735 difficultatis

456 2782 626 2846 inest
663 2781 730 2866 ¹).
821 2782 868 2845 Ε
923 2781 1251 2846 sententia
1315 2782 1438 2846 loci
1493 2782 1667 2845 enim
1726 2781 2046 2845 eiusmodi
2109 2780 2354 2862 aliquid
2422 2780 2698 2845 verbum
2743 2779 2924 2843 desi-

457 2890 741 2956 deratur.

625 3001 792 3064 Sunt
833 3000 1030 3080 igitur
1072 3000 1138 3063 in
1184 3000 1309 3063 hac
1370 2999 1929 3063 declamationum
1994 3004 2180 3080 parte
2242 3002 2505 3062 centum
2551 2997 2921 3080 nonaginta

455 3112 588 3172 tres
634 3108 788 3187 loci,
870 3109 1108 3190 quibus
1153 3108 1220 3171 in
1265 3107 1490 3172 codice
1537 3106 1587 3172 C
1633 3112 1747 3171 aut
1789 3112 2021 3172 contra
2066 3109 2576 3172 alterumutrum
2621 3106 2921 3170 codicem

457 3222 570 3283 aut
615 3222 846 3283 contra
890 3219 1241 3282 amborum
1312 3217 1775 3282 auctoritatem
1836 3217 2175 3299 scriptoris
2245 3217 2449 3280 verba
2522 3219 2921 3280 conservata

457 3331 630 3392 sunt.
720 3327 981 3409 Itaque,
1059 3347 1207 3390 cum
1279 3326 1548 3391 omnino
1620 3325 1927 3390 trecentis
2001 3327 2443 3408 quadraginta
2495 3325 2704 3389 tribus
2752 3324 2920 3388 locis

457 3435 942 3518 discrepantiae
986 3436 1052 3500 in
1100 3435 1439 3500 codicibus
1485 3439 1778 3513 exstent,
1827 3439 2092 3499 centum
2139 3435 2616 3517 quinquaginta
2658 3437 2923 3497 tantum

456 3549 820 3624 remanent,
864 3545 977 3609 ubi
1023 3544 1072 3610 C
1118 3544 1506 3626 corruptelis
1551 3544 1807 3608 laborat
1841 3544 1912 3627 ²).
2004 3545 2171 3609 Sunt
2216 3548 2437 3608 autem
2481 3543 2607 3606 hae
2646 3562 2922 3624 corrup-

661 3810 701 3876 ι)
739 3811 836 3873 Cf„
871 3828 1014 3879 quae
1049 3813 1155 3865 hac
1192 3813 1258 3866 de
1293 3829 1351 3866 re
1391 3812 1446 3866 C.
1483 3814 1548 3866 de
1588 3812 1875 3866 Morawski
1911 3812 2043 3866 dicit
2078 3812 2116 3866 1.
2152 3813 2185 3866 l.
2221 3829 2272 3880 p.
2311 3811 2459 3864 1101.

659 3904 700 3968 ²)
740 3903 817 3957 Cf.
875 3905 930 3956 h.
986 3921 1184 3958 comm.
1244 3921 1331 3974 pp.
1385 3904 1468 3968 20,
1511 3905 1594 3970 21,
1641 3905 1741 3966 22„
1812 3905 1959 3968 Loci,
1997 3904 2199 3972 quihus
2237 3904 2278 3957 C
2326 3902 2385 3956 in
2440 3903 2596 3974 peius
2642 3907 2832 3956 contra
2869 3903 2923 3954 A

459 4001 513 4049 et
575 3996 620 4049 B
677 3996 825 4060 facit,
879 3997 936 4051 hi
994 4003 1163 4052 sunt:
1231 3998 1315 4064 33,
1366 3999 1416 4062 8,
1470 4000 1560 4054 17:
1634 3997 1719 4062 34,
1766 3998 1815 4062 5,
1852 3997 1941 4056 18:
2012 3997 2095 4062 35,
2130 3997 2179 4061 3,
2212 3997 2304 4057 24;
2374 3997 2459 4061 86,
2498 3997 2593 4052 12;
2662 3996 2745 4059 87,
2783 3995 2923 4059 7,8.

457 4088 542 4150 88,
579 4089 636 4150 2;
705 4088 788 4150 88,
824 4088 888 4152 4;
958 4089 1040 4154 90,
1081 4091 1316 4154 19-2Ο;
1386 4091 1469 4155 92,
1505 4092 1609 4154 26;
1679 4089 1760 4153 93,
1794 4091 1864 4154 6;
1900 4089 1982 4152 94,
2024 4090 2118 4151 19;
2192 4089 2273 4153 96,
2313 4091 2392 4153 18,
2429 4088 2510 4154 21,
2544 4089 2635 4151 27;
2705 4089 2788 4152 97,
2825 4087 2924 4152 13;

457 4180 540 4243 99,
574 4181 622 4244 6,
660 4180 748 4241 19;
822 4181 935 4244 100,
967 4181 1025 4244 9;
1098 4183 1213 4244 100,
1249 4183 1345 4246 16;
1418 4183 1531 4247 101,
1570 4182 1785 4245 18-19,
1834 4181 1931 4244 26;
2025 4181 2138 4245 102,
2176 4183 2239 4244 13
2328 4179 2443 4244 103,
2480 4181 2581 4242 252
2672 4179 2785 4243 103,
2822 4180 2922 4244 263

459 4273 574 4338 104,
609 4275 680 4337 6;
768 4274 881 4338 105,
936 4274 967 4327 7
979 4294 992 4338 3
1064 4275 1178 4339 106,
1222 4274 1460 4336 25-26;
1544 4275 1657 4338 107,
1694 4273 1743 4338 9,
1788 4273 1865 4336 13,
1905 4275 2008 4332 17;
2094 4273 2205 4337 108,
2262 4274 2341 4338 16,
2389 4273 2473 4337 20,
2507 4273 2576 4326 24
2590 4292 2603 4336 ;
2678 4273 2790 4337 109,
2827 4273 2922 4336 12;

459 4367 575 4430 109,
608 4366 672 4419 21
686 4385 700 4429 ;
772 4367 885 4430 110,
921 4367 993 4429 9;
1090 4368 1202 4431 111,
1249 4367 1298 4431 6,
1345 4366 1425 4430 15,
1483 4366 1701 4430 19-20,
1736 4365 1842 4428 24;
1937 4366 2052 4430 112,
2087 4365 2265 4428 4-5;
2358 4364 2473 4429 113,
2508 4367 2556 4420 2.
2628 4365 2925 4419 Praeterea

458 4460 566 4514 huc
601 4460 741 4514 adde
786 4461 936 4514 locos
1001 4475 1089 4530 pp.
1143 4460 1226 4524 33,
1288 4459 1378 4524 293
1433 4459 1516 4523 89,
1578 4460 1659 4513 22.
1734 4487 1795 4495 -
1862 4458 1944 4522 32,
1976 4458 2065 4522 24;
2134 4458 2216 4522 33,
2253 4457 2316 4522 33
2384 4457 2467 4520 87,
2526 4457 2624 4520 24;
2696 4457 2778 4521 97,
2818 4457 2921 4521 21;

461 4553 574 4617 106,
611 4551 690 4606 15.
