3125 5209
1717 354 1750 409 6

1533 436 1612 441 ——0
1639 436 1647 439 -
1888 434 1932 441 .-

501 502 700 567 tionis
743 522 978 568 censor
1011 503 1314 585 quidam,
1364 505 1476 586 qui
1520 526 1767 570 nomen
1812 526 2003 569 suum
2050 504 2281 571 litteris
2324 504 2444 586 ,ἦν’
2484 503 2739 569 notavit
2762 505 2813 585 1)
2850 523 2969 567 ne-

506 615 840 693 gaverunt.
931 610 1065 675 Sed
1135 632 1282 676 cum
1346 615 1851 694 argumentatio,
1899 633 2032 696 qua
2075 613 2259 677 nisus
2325 612 2773 677 Trabandtius
2842 612 2969 675 has

504 720 1019 785 declamationes
1090 740 1130 784 a
1190 720 1597 799 Quintiliano
1670 722 2089 798 abiudicavit,
2164 721 2324 785 mihi
2395 721 2827 805 improbetur,
2903 724 2971 783 et

505 828 856 893 Morawski
901 834 965 893 et
1010 849 1242 893 censor
1284 829 1390 893 ille
1434 850 1830 913 anonymuS,
1876 850 2075 912 quarn
2105 830 2476 911 tetigerunt,
2506 829 2969 911 quaestionem

501 936 570 1001 in
615 936 818 1002 dubio
861 937 1264 1019 reliquerint,
1309 959 1450 1003 rem
1495 939 1716 1003 denuo
1761 943 2044 1004 tractare
2087 938 2245 1003 mihi
2305 938 2643 1021 proposui.

669 1047 1311 1112 Commentationem
1357 1068 1512 1113 vero
1558 1050 1652 1113 ita
1695 1049 2057 1125 instituam,
2118 1053 2191 1113 ut
2253 1048 2556 1130 primum,
2623 1047 2720 1126 iis,
2795 1066 2972 1129 quae

502 1155 584 1219 de
625 1155 1186 1245 declamationum
1233 1157 1482 1238 origine
1527 1158 1703 1221 dicta
1749 1161 1922 1232 sunt,
1968 1156 2303 1221 recensitis
2350 1160 2551 1239 atque
2596 1156 2683 1220 ad
2727 1155 2969 1219 Ritteri

501 1268 892 1345 argumenta
935 1265 1348 1346 infringenda
1422 1266 1759 1331 nonnullis
1829 1265 2090 1343 additis,
2154 1285 2411 1343 causaS,
2458 1270 2729 1347 propter
2798 1284 2969 1346 quas

499 1374 943 1439 Trabandtius
1014 1375 1525 1440 declamationes
1604 1375 1989 1453 Quintiliani
2051 1394 2195 1439 esse
2262 1380 2478 1455 negat,
2549 1374 2763 1437 sutiles
2820 1393 2969 1437 esse

497 1484 943 1548 demonstrem
981 1483 1050 1566 ²³),
1100 1484 1336 1548 deinde
1378 1485 1709 1549 Ritterum
1756 1485 1837 1548 de
1900 1504 2032 1549 uno
2102 1505 2187 1548 ex
2249 1483 2657 1548 conservatis
2722 1481 2969 1547 codici-

497 1592 622 1656 bus
666 1592 936 1657 omnino
979 1592 1144 1656 falso
1202 1593 1530 1658 iudicasse
1591 1595 1957 1659 ostendam.

664 1701 736 1765 In
781 1701 1127 1765 afferendis
1170 1702 1332 1766 locis
1363 1702 1919 1767 declamationum
1965 1706 2228 1767 secutus
2274 1722 2419 1765 sum
2448 1699 2681 1765 Ritteri
2721 1698 2963 1763 editio·

460 1830 670 1889 ·nem‚
719 1810 786 1874 in
832 1810 1226 1875 denotandis
1283 1811 1711 1875 institutionis
1773 1811 2100 1876 oratoriae
2169 1810 2329 1875 locis
2392 1828 2552 1873 usus
2597 1829 2746 1872 sum
2817 1807 2956 1871 edi-

500 1919 679 1983 tione
723 1920 1176 1999 Bonnelliana‚
1221 1940 1391 2005 quae
1433 1920 1693 2004 Lipsiae
1742 1926 1903 1985 1884
1950 1920 2016 1985 in
2061 1920 2271 1987 lucem
2327 1918 2587 2003 prodiit.

1703 2213 1761 2293 I.

658 2365 732 2428 In
777 2364 956 2429 libris
1001 2386 1202 2429 manu
1250 2366 1506 2449 scriptis
1552 2367 1635 2431 de
1680 2367 1912 2431 harum
1960 2366 2512 2431 declamationum
2550 2364 2800 2445 origine
2848 2365 2951 2429 ni-

493 2472 584 2537 hil
630 2473 885 2554 dicitur,
929 2494 1143 2556 neque
1187 2476 1366 2556 apud
1410 2480 1662 2539 veteres
1704 2476 2055 2556 scriptores
2100 2476 2173 2539 fit
2201 2474 2332 2539 ulla
2357 2494 2581 2539 earum
2604 2472 2851 2538 mentio
2874 2474 2948 2556 ³).

697 2744 736 2803 ¹)
771 2745 850 2798 Cf.
885 2745 1140 2799 Blaetter.
1173 2747 1210 2799 f.
1246 2745 1295 2798 d.
1332 2746 1483 2814 bayr.
1515 2745 2022 2814 Gymnasialwesen
2057 2745 2195 2797 XXI.
2238 2745 2364 2797 1885
2392 2761 2443 2813 p.
2480 2743 2686 2809 419s20.

695 2862 737 2921 'l
777 2862 1103 2916 Trabandtii
1146 2863 1473 2916 sententiam
1517 2863 1749 2916 omnino
1785 2862 2079 2931 amplexati
2116 2867 2271 2915 sunt:
2311 2862 2373 2914 A.
2408 2862 2613 2915 Reuter
2648 2859 2728 2924 (in
2764 2875 2963 2912 comm.

495 2974 553 3018 S.,
590 2972 760 3023 quam
793 2955 862 3009 de
899 2953 1227 3021 Quintiliani
1263 2954 1422 3018 libro,
1467 2955 1560 3022 qui
1599 2954 1703 3007 fuit
1738 2956 1805 3008 de
1841 2953 2025 3009 causis
2073 2957 2363 3021 corruptae
2399 2951 2768 3020 eloquentiae,
2826 2951 2961 3003 Vra·

493 3047 744 3101 tislaviae
783 3046 930 3111 1887,
968 3047 1307 3115 conscripsit,
1345 3065 1391 3115 p.
1432 3048 1501 3109 6.)
1537 3051 1593 3100 et
1626 3047 1684 3099 F.
1706 3048 1917 3100 Becher
1953 3047 2037 3113 (cf.
2058 3046 2473 3103 Jahresbericht
2508 3046 2647 3097 iiber
2701 3041 2792 3096 die
2831 3043 2961 3096 fort·

493 3140 717 3192 schritte
752 3139 847 3192 der
881 3138 1218 3192 klassischen
1253 3139 2011 3193 altertumswissenschaften.
2061 3138 2144 3191 LI.
2185 3138 2331 3191 1887.
2368 3154 2417 3205 p.
2455 3136 2559 3193 70).

693 3258 732 3305 ἢ
772 3255 850 3309 cf.
886 3255 1081 3309 Ritteri
1119 3273 1318 3311 comm.
1354 3274 1404 3325 p.
1438 3256 1553 3310 253.
1625 3255 1839 3310 Rittero
1901 3255 2153 3324 opinanti
2190 3256 2260 3308 ad
2296 3256 2398 3309 has
2458 3261 2744 3323 tamquam
2783 3253 2955 3320 Quin·

495 3349 677 3404 tiliani
711 3349 1140 3402 declamationes
1175 3347 1432 3404 Trebellii
1472 3349 1737 3403 Pollionis
1772 3350 1939 3402 verba
1974 3353 2236 3417 spectem,
2299 3365 2440 3416 quae
2477 3353 2573 3416 tyr.
2626 3347 2747 3415 trig.
2785 3347 2874 3409 lv,
2910 3348 2959 3400 2.

494 3444 764 3509 leguntur,
800 3441 958 3494 dico:
998 3442 1156 3507 ,Fuit
1189 3450 1370 3493 autem
1405 3443 1497 3503 (sc.
1535 3442 1829 3495 Postumus
1871 3442 2101 3501 Iunior)
2154 3443 2234 3493 ita
2269 3442 2331 3491 in
2364 3440 2847 3492 declamationibus
2874 3440 2959 3491 ἀι·-

490 3542 682 3600 sertus,
718 3541 778 3585 ut
822 3536 938 3586 eius
972 3536 1370 3586 controversiae
1411 3534 1757 3598 Quintiliano
1810 3534 2073 3585 dicantur
2123 3534 2379 3598 insertae,
2430 3549 2585 3601 quem
2630 3532 2959 3584 declamato-

493 3644 608 3679 rem
643 3625 882 3678 Romani
909 3628 1126 3693 yeneris
1159 3629 1530 3679 acutissimum
1563 3627 1640 3677 vel
1676 3628 1843 3678 unius
1878 3627 2075 3693 capitis
2104 3625 2260 3677 lectio
2304 3626 2491 3692 prima
2537 3627 2721 3677 statim
2772 3625 2961 3689 fronte

493 3720 860 3785 demonstrat‘‚
897 3718 1126 3772 omnino
1163 3734 1275 3772 non
1311 3719 1632 3786 adstipulor.
1701 3718 1858 3781 Nam,
1894 3723 2281 3785 praeterquam
2317 3717 2460 3784 quod
2484 3715 2787 3785 generatim
2820 3717 2959 3770 haec

495 3817 660 3877 atque
696 3810 755 3864 in
789 3810 1107 3863 universum
1146 3810 1292 3863 dicta
1326 3816 1472 3875 sunt,
1507 3827 1573 3863 ex
1611 3810 1812 3878 quibus
1865 3810 1999 3863 certi
2042 3809 2346 3879 quidquam
2398 3808 2647 3863 concludi
2701 3814 2958 3876 nequeat,

494 3902 689 3956 Ritteri
727 3901 915 3971 opinio
968 3902 1150 3955 verbis
1211 3906 1394 3967 ,unius
1441 3905 1642 3971 capitis
1691 3904 1866 3955 lectio‘
1919 3901 2249 3970 infringitur.
2334 3902 2524 3970 Neque
2576 3900 2726 3955 enim
2780 3901 2957 3965 vide0‚

493 3995 769 4063 quomodo
804 3995 870 4048 de
906 3993 1181 4062 capitibus
1217 3994 1683 4049 declamationum
1719 4010 1900 4048 sermo
1958 4011 2076 4047 esse
2134 3995 2323 4062 possit.
2406 3995 2584 4047 Immo
2647 3995 2956 4062 putaverim

491 4088 769 4155 designari
805 4087 892 4141 his
927 4085 1112 4140 verbis
1148 4087 1558 4141 institutionem
1603 4088 1916 4141 oratoriam.
1985 4087 2124 4141 Nam
2176 4086 2581 4154 Quintilianum
2627 4087 2957 4142 declamato-

490 4198 608 4234 rem
663 4178 1044 4234 acutissimum
1097 4179 1267 4233 fuisse
1326 4196 1392 4233 ex
1451 4181 1557 4233 hoc
1610 4196 1773 4249 opere
1822 4180 1958 4234 satis
2007 4185 2234 4249 apparet
2268 4186 2323 4234 et
2356 4180 2690 4233 vocabulum
2728 4164 2960 4248 ‚capitis‘

491 4274 559 4327 ad
595 4274 834 4326 formam
872 4272 991 4326 eius
1026 4272 1233 4340 optime
1267 4273 1517 4340 quadrat.
1588 4272 1771 4325 Minus
1806 4273 2063 4326 arcessita
2103 4277 2269 4340 atque
2312 4272 2482 4325 dubia
2536 4289 2704 4341 quam
2756 4271 2954 4325 Ritteri

492 4367 609 4421 eius
644 4366 878 4419 fortasse
911 4365 1205 4433 explicatio
1241 4364 1508 4427 videatur,
1546 4366 1641 4434 qui
1679 4365 1877 4420 dixerit
1914 4382 2032 4419 esse
2069 4366 2171 4419 has
2223 4365 2658 4421 declamationes
2706 4366 2951 4419 Postumi

489 4457 747 4523 maioris,
817 4458 974 4511 cuius
1023 4457 1450 4511 declamationes
1514 4457 1860 4525 Quintiliano
1915 4458 2151 4512 insertas
2208 4458 2377 4512 fuisse
2429 4456 2735 4512 Trebellius
2780 4456 2956 4512 Pollio

488 4553 625 4617 loc0,
672 4565 838 4618 quem
874 4548 1005 4615 dixi,
1043 4553 1238 4603 auctor
1273 4554 1369 4602 est.
