3125 5209
1691 302 1761 358 16

1534 382 1672 389 -——-—-..
1681 385 1741 389 -...-
1754 384 1861 390 ..-.....
1866 384 1930 389 ...--

502 472 713 536 eaque
759 452 1112 532 addiderit,
1182 472 1354 537 quae
1401 451 1754 519 Morawski
1802 456 2060 537 collegit
2096 456 2179 541 ¹),
2254 476 2376 521 suo
2431 455 2572 520 iure
2622 454 2972 537 dubitabit,

500 582 659 626 num
703 563 860 627 talia
901 568 1200 645 tempore
1249 564 1638 641 Quintiliani
1692 557 1901 648 eaque
1958 565 2026 629 in
2070 566 2297 630 schola
2343 565 2482 630 eius
2526 566 2770 649 scripta
2817 568 2971 631 sint.

499 672 726 754 Neque
773 673 1048 736 dubium
1096 672 1256 736 mihi
1302 678 1433 751 est,
1509 675 1701 755 quin,
1776 676 1887 757 qui
1934 675 2304 740 accuratius
2351 676 2415 739 in
2461 676 2634 740 hanc
2683 696 2817 741 rem
2868 678 2972 741 in-

499 781 866 861 quisiverit,
929 782 1117 845 facile
1174 782 1498 846 eiusmodi
1574 784 2025 866 exemplorum
2089 804 2441 848 numerum
2496 789 2810 850 aucturus
2860 786 2968 850 sit.

501 890 594 953 Ita
605 910 732 972 que
757 911 918 955 sane
942 890 1115 955 idem
1134 891 1294 955 mihi
1320 892 1699 971 negandum
1732 892 1991 956 videtur
2011 894 2192 976 quod
2216 895 2479 975 negavit
2499 894 2971 974 TrabandtiUS‚

499 1001 622 1063 sed
658 1000 854 1081 longe
881 1001 1024 1065 aliis
1054 1002 1134 1065 de
1161 1002 1396 1066 causis,
1444 1003 1690 1067 Verum
1721 1022 1873 1067 cum
1904 1004 1987 1067 de
2032 1003 2133 1067 his
2181 1024 2375 1085 agere
2421 1005 2584 1068 mihi
2628 1026 2762 1069 non
2809 1027 2971 1087 pro-

498 1110 878 1191 posuerim,
950 1130 1125 1175 nunc
1192 1111 1460 1192 quidem
1505 1111 1679 1175 hanc
1726 1114 2194 1195 quaestionem
2233 1114 2506 1177 missam
2551 1115 2721 1179 facio
2764 1119 2972 1197 atque

500 1217 632 1281 iam
679 1222 948 1283 transeo
996 1220 1082 1283 ad
1129 1220 1401 1283 alteram
1450 1222 2027 1286 commentationis
2070 1242 2259 1286 meae
2302 1228 2574 1306 partem.

1686 1489 1787 1569 ΙΙ.

667 1640 842 1704 Usus
907 1646 1006 1705 est
1064 1641 1275 1705 Ritter
1338 1642 1404 1705 in
1475 1642 2083 1717 declamationibus.
2137 1644 2552 1708 recensendis
2622 1646 2967 1709 codicibus

497 1748 727 1826 tribus,
773 1750 1351 1831 Montepessulano
1401 1751 1516 1833 (A)
1566 1752 1825 1829 saeculo
1874 1752 1980 1816 IX.
2027 1753 2129 1816 vel
2175 1754 2253 1817 X.
2302 1753 2547 1835 scripto
2583 1756 2658 1833 2),
2707 1755 2821 1836 qui
2858 1775 2968 1817 ce-

498 1858 653 1922 teris
725 1858 988 1923 duobus
1045 1860 1228 1923 libris
1284 1880 1484 1924 manu
1547 1860 1809 1943 scriptis
1866 1881 2107 1925 novem
2170 1862 2762 1927 declamationibus
2821 1883 2967 1927 arn-

499 1967 670 2051 plior
713 1970 778 2031 et
821 1988 1156 2048 summae,
1222 1973 1294 2031 ut
1358 1970 1612 2033 Rittero
1681 1969 1964 2049 videtur,
2030 1972 2438 2036 auctoritatis
2485 1978 2619 2045 est;
2710 2010 2750 2019 -
2820 1979 2965 2037 turn

499 2078 880 2141 Monacensi
927 2078 1038 2159 (Β)
1083 2054 1343 2141 saeculo
1389 2079 1506 2141 XV
1553 2098 1754 2143 manu
1800 2080 2078 2159 eleganti
2144 2085 2441 2158 exarat03
2508 2120 2585 2129 —
2657 2083 2966 2164 denique,

511 2190 576 2249 et
622 2206 700 2250 eo
747 2187 1017 2250 minima
1067 2207 1142 2251 ex
1189 2194 1395 2269 parte,
1447 2187 1768 2267 Chigiano
1816 2188 1951 2272 (C),
1998 2190 2112 2271 qui
2156 2191 2420 2255 saeculo
2466 2192 2629 2255 XIV.
2680 2192 2776 2254 vel
2828 2192 2967 2276 XV.

499 2296 780 2377 scriptus
811 2296 863 2378 ³)
907 2296 1140 2360 eadem
1185 2297 1493 2376 continet,
1541 2317 1711 2378 quae
1760 2298 1830 2361 Β.

584 2413 586 2415 ’
668 2404 809 2468 Hos
866 2410 998 2469 tres
1075 2405 1334 2469 codices
1389 2426 1468 2469 ex
1515 2406 1778 2469 duobus
1825 2408 2100 2471 diversis
2149 2409 2443 2473 eiusdem
2489 2409 2830 2492 archetypi
2875 2411 2964 2493 (J)

497 2514 810 2594 exemplis
857 2514 1174 2595 origiuem
1222 2515 1486 2578 duxisse
1532 2520 1743 2597 putat,
1789 2516 1881 2580 ita
1925 2521 1996 2579 ut
2042 2518 2101 2579 A
2149 2536 2229 2581 ex
2274 2517 2479 2582 altero
2526 2518 2627 2601 (a)
2664 2519 2964 2600 descrip-

495 2627 602 2687 tus
649 2623 750 2699 sit,
796 2643 946 2687 cum
993 2643 1073 2686 ex
1119 2624 1324 2687 altero
1372 2625 1466 2707 (β)
1511 2624 1773 2687 fluxerit
1817 2630 2147 2689 vetustum
2198 2627 2471 2709 aliquod
2518 2628 2855 2711 exemplar
2885 2631 2961 2710 4),

499 2719 676 2814 quod
724 2732 938 2796 littera
982 2735 1080 2815 (x)
1127 2733 1338 2813 signo,
1385 2753 1464 2796 ex
1510 2754 1643 2815 quo
1692 2734 1741 2796 Β
1788 2740 1850 2797 et
1896 2734 1967 2813 C,
2014 2740 2243 2816 utpote
2280 2737 2488 2802 multo
2535 2738 2777 2801 artiore
2805 2756 2965 2817 cog-

500 2840 785 2904 nationis
831 2841 1092 2904 vinculo
1137 2842 1304 2904 inter
1348 2862 1420 2904 se
1466 2861 1667 2923 quam
1722 2862 1875 2905 cum
1928 2844 1989 2907 A
2032 2845 2391 2924 coniuncti,
2446 2845 2751 2929 descripti
2809 2846 2963 2909 sint.

674 2950 788 3013 Est
835 2951 1031 3031 igitur
1071 2967 1148 3014 ex
1193 2951 1423 3015 Ritteri
1479 2951 1805 3015 sententia
1863 2952 1991 3017 hoc
2037 2954 2375 3033 codicum,
2448 2955 2629 3036 quod
2702 2954 2961 3031 dicitur,

501 3064 810 3125 stemma:
1716 3146 1745 3197 J

699 4166 738 4231 1)
775 4167 834 4219 L.
870 4166 904 4219 l.
939 4183 991 4234 p.
1030 4164 1162 4218 1102
1197 4171 1252 4220 et
1288 4165 1436 4219 1103.

698 4276 754 4352 ²)
774 4284 855 4339 Cf.
891 4286 959 4339 H.
995 4284 1040 4338 I.
1077 4278 1321 4339 Muelleri
1359 4285 1599 4338 Senecae
1634 4284 1870 4338 rhetoris
1908 4286 1989 4338 ed.
2022 4283 2191 4353 praef.
2225 4302 2277 4353 p.
2313 4281 2487 4338 XXIII
2522 4286 2577 4338 et
2613 4301 2664 4353 p.
2692 4280 2884 4339 XXIV.

697 4403 736 4469 Β)
773 4403 850 4456 Cf.
887 4418 1031 4471 quae
1065 4402 1244 4456 Ritter
1265 4402 1370 4456 hac
1384 4403 1451 4456 de
1470 4419 1529 4455 re
1553 4403 1624 4455 ad
1647 4403 1729 4456 ed.
1745 4403 1913 4472 praef.
1928 4402 2038 4471 p.X
2064 4408 2117 4455 et
2138 4419 2189 4470 p.
2202 4402 2276 4455 XI
2304 4403 2407 4456 sub
2427 4402 2587 4471 signo
2605 4403 2682 4463 **)
2702 4404 2957 4456 annotat.

698 4525 742 4593 ⁴)
777 4524 856 4578 Cf.
891 4525 957 4578 R.
995 4525 1077 4577 ed.
1111 4522 1278 4591 praef.
1313 4538 1366 4591 p.
1400 4522 1500 4575 XII
1535 4527 1591 4577 et
1622 4539 1674 4591 p.
1708 4520 1854 4575 XIlI.
