3125 5209
1699 361 1756 445 8,,

488 516 593 573 art
655 510 768 573 des
834 509 1187 591 versassers
1266 509 1604 573 verratenf
1689 509 1899 573 Immo
1970 509 2293 574 assentior
2365 509 2773 574 Trabandtio
2850 509 2952 572 di—

491 618 746 698 centi1)
792 617 1026 682 eodem
1071 618 1228 696 iure,
1277 638 1409 700 quo
1455 617 1578 681 has
1640 618 2175 696 declamationeS,
2237 620 2526 684 Senecae
2578 622 2957 683 controver-

489 726 622 792 sias
664 727 1070 805 Qnintiliano
1117 726 1402 792 adscribi
1446 727 1658 804 licere,
1705 746 1854 791 cum
1901 728 2071 791 inter
2114 748 2225 792 eas
2274 747 2540 810 quoque
2585 727 2955 809 deprehen-

489 836 750 913 dantur,
797 855 968 918 quae
1029 836 1302 901 eaedem
1347 840 1459 900 aut
1505 836 1751 900 similes
1797 836 1865 899 in
1930 837 2132 902 instit.
2196 842 2360 902 orat.
2420 840 2740 902 tractatae
2804 837 2956 902 sint.

490 945 816 1027 Denique,
865 945 1019 1009 inde
1066 946 1247 1026 quod
1293 946 1359 1009 in
1404 950 1691 1027 utroque
1734 966 1933 1028 opere
1979 947 2061 1011 de
2120 947 2353 1011 eadem
2410 967 2480 1011 re
2554 947 2782 1012 eadem
2856 947 2959 1011 in-

489 1056 752 1120 terdum
803 1055 977 1120 dicta
1023 1060 1197 1134 sunt,
1243 1055 1405 1119 nihil
1451 1055 1607 1120 certi
1672 1056 1967 1122 efficitur.
2054 1057 2201 1120 Hoc
2264 1057 2435 1122 enim
2501 1077 2579 1121 eo
2654 1057 2960 1121 effectum

491 1184 639 1229 esse
685 1170 921 1247 potest,
1009 1165 1191 1246 quod
1248 1164 1593 1247 utriusque
1676 1165 1893 1247 operis
1980 1166 2268 1248 scriptor
2350 1165 2522 1232 tertii
2610 1166 2957 1230 cuiusdam

492 1273 829 1356 scriptoris
877 1293 1075 1356 opere
1112 1294 1272 1338 usus
1317 1277 1434 1338 est.
1522 1275 1574 1337 E
1619 1275 1780 1338 locis
1829 1275 2090 1356 quidem
2140 1295 2179 1339 a
2227 1275 2638 1340 Trabandtio
2670 1275 2883 1339 allatis
2910 1276 2963 1357 ²)

497 1382 910 1464 intellegitur,
956 1402 1053 1462 ea,
1115 1402 1286 1465 quae
1332 1383 1571 1449 similia
1617 1384 1680 1446 in
1728 1388 2011 1466 utroque
2054 1403 2250 1465 opere
2297 1388 2575 1462 exstant,
2649 1384 2845 1448 etiam
2897 1385 2960 1446 in

495 1494 783 1557 Senecae
845 1493 1258 1575 aliorumque
1319 1492 1785 1558 controversiis
1864 1493 2271 1558 scholasticis
2355 1493 2651 1557 inveniri.
2740 1493 2964 1571 Quare

496 1603 601 1666 ille
645 1621 766 1666 suo
810 1601 949 1666 iure
993 1603 1329 1667 contendit
1364 1604 1460 1687 8);
1527 1603 1772 1685 ,Solum
1819 1603 1988 1688 quod
2033 1602 2423 1682 Quintiliani
2480 1603 2828 1686 proprium
2876 1609 2968 1666 est

505 1719 561 1776 et
627 1712 796 1798 quod
839 1713 1008 1776 idem
1075 1714 1145 1775 in
1214 1712 1782 1778 declamationibus
1847 1713 2144 1792 recurrit,
2214 1712 2465 1798 aliquid
2533 1712 2969 1776 demonstrare

489 1825 738 1905 potest!
827 1821 1210 1886 Cuiusmodi
1259 1823 1634 1905 exemplum
1679 1821 1745 1885 in
1792 1821 1905 1900 eiS,
1951 1840 2121 1904 quae
2165 1821 2377 1885 Ritter
2421 1820 2508 1885 ad
2566 1820 2962 1885 sententiam

501 1949 691 1994 suam
755 1930 1320 2012 comprobandam
1385 1931 1663 2012 collegit,
1725 1912 2053 1994 invenitur
2132 1930 2405 1994 nullum.
2508 1931 2858 1995 Praeterea
2905 1931 2960 1993 si

498 2039 602 2102 cui
644 2038 876 2102 Ritteri
924 2039 1319 2104 sententiam
1362 2039 1599 2104 falsam
1646 2058 1789 2103 esse
1831 2040 1956 2116 his,
2002 2058 2174 2120 quae
2218 2039 2524 2117 diximuS,
2603 2059 2740 2104 non
2811 2060 2971 2122 pro-

499 2148 708 2226 betur,
753 2167 975 2211 nonne
1018 2148 1159 2212 fieri
1201 2148 1434 2229 potuit,
1497 2155 1571 2212 ut
1616 2148 1780 2212 alius
1847 2148 2117 2231 quidam
2177 2148 2475 2231 scriptor,
2544 2148 2656 2230 qui
2730 2168 2972 2212 secun-

507 2256 666 2320 dum
737 2256 884 2321 inst.
959 2261 1120 2321 orat.
1185 2262 1536 2341 praecepta
1623 2257 2136 2321 declamationes
2212 2257 2672 2335 conscriberet,
2738 2258 2975 2322 eadem

502 2366 799 2431 themata
877 2367 1167 2448 eligeret,
1261 2367 1527 2431 easdem
1594 2367 2076 2432 controversias
2148 2370 2568 2450 proponeret,
2640 2366 2970 2431 similibus

500 2474 717 2538 verbis
762 2479 1070 2555 uteretur,
1118 2479 1319 2559 atque
1365 2476 1430 2539 in
1474 2476 1586 2540 illo
1635 2495 1833 2557 opero
1877 2476 2238 2540 invenisset
2262 2479 2291 2539 t>
2356 2515 2428 2523 —
2508 2477 2682 2540 Sane
2726 2475 2972 2540 mirum.

505 2586 786 2649 fortasse
829 2584 1033 2649 videri
1082 2589 1317 2668 potest,
1360 2585 1541 2649 illum
1592 2585 1979 2664 Quintiliani
2026 2586 2296 2650 omnino
2369 2585 2770 2650 mentionem
2835 2605 2977 2649 non

506 2695 771 2770 fecisse3
819 2695 935 2759 sed
981 2695 1137 2778 quid
1185 2695 1424 2774 obstat,
1471 2696 1829 2777 quominus
1875 2715 2024 2759 eum
2073 2695 2349 2759 consilio
2385 2695 2485 2758 sui
2532 2695 2820 2758 auctoris
2850 2715 2976 2758 no-

507 2825 662 2870 men
708 2806 960 2869 celasse
1003 2810 1333 2888 putemuS‚
1381 2825 1514 2888 quo
1562 2805 1795 2890 melius
1841 2806 1924 2869 de
1967 2804 2197 2868 litteris
2243 2804 2516 2869 meritus
2562 2803 2923 2868 haberetur
2948 2807 2979 2866 ’ἓ

677 2914 950 2979 Accedit
996 2915 1177 2997 quod
1225 2913 1706 2993 Quintilianum
1750 2914 1848 2993 iis,
1898 2934 2067 2997 quos
2114 2914 2267 2992 dixi,
2334 2913 2499 2979 locis
2532 2915 2585 2993 ⁴)
2663 2913 2786 2977 has
2858 2913 2975 2976 de-

511 3025 939 3090 clamationes
983 3025 1390 3106 significasse
1433 3025 1813 3106 negandum
1863 3028 1963 3088 est
1989 3027 2061 3106 ⁵).
2152 3024 2449 3088 Primum
2513 3023 2689 3087 enim
2748 3042 2851 3086 res
2896 3041 2979 3087 eo

514 3135 709 3200 valde
753 3135 956 3199 dubia
999 3136 1093 3213 fit,
1174 3135 1374 3217 quod,
1441 3135 1495 3199 si
1571 3135 1804 3200 Ritteri
1866 3134 2191 3199 sententia
2260 3137 2480 3213 staret,
2553 3152 2688 3197 non
2766 3132 2984 3196 solum

513 3245 879 3308 Trebellius
924 3245 1134 3308 Pollio
1180 3244 1398 3309 verbis
1443 3244 1715 3309 minime
1759 3243 1931 3326 aptis
1979 3262 2092 3308 eas
2140 3246 2728 3307 commemorasset
2749 3243 2825 3323 θ),
2863 3242 2984 3305 sed

511 3353 708 3419 etiam
753 3353 893 3436 ipse
938 3353 1217 3437 scriptor
1259 3352 1528 3435 proprio
1576 3353 1846 3416 nominc
1892 3353 2194 3433 neglecto
2243 3351 2373 3415 alio
2418 3351 2565 3415 loco
2593 3351 2721 3415 alia
2749 3369 2979 3414 earum

516 3463 971 3544 designatione
1016 3466 1324 3528 uteretur.
1413 3463 1643 3545 Neque
1686 3463 1882 3542 enim,
1929 3463 1993 3526 id
2040 3462 2222 3544 quod
2268 3460 2716 3525 Trabandtius
2759 3459 2979 3542 prima

513 3572 1085 3637 commentationis
1131 3591 1292 3636 suae
1337 3575 1525 3654 parte
1570 3572 1738 3637 bene
1782 3571 2087 3650 ostendit,
2160 3574 2275 3635 aut
2320 3569 2503 3634 notio
2569 3570 2977 3652 ,sermonum‘

517 3685 634 3746 aut
675 3681 880 3746 verba
923 3682 1098 3762 ,libri
1141 3683 1309 3745 artis
1352 3681 1721 3746 rhetoricae‘
1801 3684 1960 3763 apta
2004 3683 2177 3761 sunt,
2241 3680 2481 3762 quibus
2549 3678 2981 3743 declamatio·

519 3811 680 3854 num
726 3810 966 3872 corpus
1011 3788 1409 3871 designetur,
1477 3809 1693 3872 neque
1738 3790 1923 3873 ipsae
1967 3788 2485 3853 declamationes
2554 3788 2650 3862 ita
2712 3807 2989 3868 compa-

719 4012 760 4079 1)
794 4012 854 4065 L.
888 4013 924 4065 l.
961 4030 1011 4081 p.
1052 4011 1130 4066 18.

720 4106 759 4172 ²)
795 4104 854 4159 P.
890 4105 959 4158 24
993 4121 1111 4173 sqq.

731 4199 769 4262 8)
804 4199 868 4252 In
903 4214 956 4266 p.
991 4198 1073 4251 20.

721 4292 766 4358 ⁴)
807 4291 883 4343 Cf.
923 4291 977 4344 h.
1014 4306 1212 4345 comm.
1249 4307 1300 4357 p.
1337 4291 1384 4343 7.

727 4383 768 4450 ⁵)
804 4383 883 4437 Cf.
916 4384 976 4437 F.
1011 4382 1256 4438 Meister:
1310 4381 1747 4450 Philologischer
1801 4381 2051 4449 anzeiger
2094 4380 2190 4433 des
2235 4379 2546 4446 philologus
2593 4392 2703 4430 von
2749 4375 2993 4428 Leutsch

524 4478 644 4531 XIl.
682 4477 829 4530 1882.
864 4495 916 4545 p.
945 4476 1045 4530 531
1086 4481 1141 4530 et
1175 4477 1312 4530 XVI.
1347 4492 1400 4544 p.
1438 4476 1550 4529 126.

729 4571 771 4638 ⁸)
807 4569 888 4624 Cf.
923 4586 1068 4639 quae
1103 4571 1172 4623 ad
1206 4570 1260 4622 h.
1298 4585 1496 4622 comm.
1533 4585 1586 4636 p.
1623 4568 1657 4621 6
1693 4564 1978 4622 annotavi.
